1827 3065
79 141 121 186 270
283 146 661 186 0010501001101100111.00110

79 253 238 302 redintegranda:
254 256 284 289 καὶ
299 251 355 286 ἀλλον
368 253 425 284 τίκτει
438 247 530 293 Ἄρκτον
543 246 583 283 τύν
597 243 723 292 salmacida
748 244 864 289 Vocabulum

80 300 137 339 ἄλλον
147 298 268 336 referendum
280 299 310 332 cst
320 295 438 342 adilmarus»,
452 292 567 329 Amaltheae
579 291 648 336 filium,
664 295 683 327 et
694 302 744 326 novo
756 301 864 337 argumento

80 348 150 392 probat
160 347 217 392 hujus
225 342 343 378 mentionem
354 344 412 376 antea
423 351 466 375 esse
477 339 554 374 factam.
578 339 650 373 Arctos
661 336 771 373 nominatur
780 338 865 381 Callistus

81 392 138 435 filius,
148 391 181 437 qui
189 389 246 434 vulgo
255 386 310 423 audit
318 386 385 430 Arcas,
394 387 453 422 etiam
461 397 472 421 a
480 383 578 431 Mythogr.
586 383 631 420 Vat.
639 384 664 428 Π,
673 381 700 418 58.
720 383 794 420 Dubito
806 390 865 426 autem

81 450 127 473 num
138 437 175 471 1100
187 436 230 470 1000
243 432 329 468 sufficiat
337 433 400 467 solum
412 430 528 467 vocabulum
539 428 627 478 Ἇῃκύύτι,
639 428 724 476 quamvis
733 429 794 474 probe
805 431 866 483 sciam,

82 493 155 518 veteres
162 478 240 518 1400ύο0
252 484 274 514 ah
288 489 310 513 eo
322 478 375 523 quod
383 481 413 513 est
421 476 488 524 ἔτ’ρκτος
496 477 568 511 dictum
581 475 682 519 statuisse,
692 473 866 519 cfr.Eratosthenis

82 518 209 575 qrriferrrnfur
216 522 348 559 Catasterism.
356 524 372 569 Ι,
380 535 399 568 p.
407 524 447 569 230,
456 523 467 557 0
476 534 516 569 sqq.
529 521 675 557 Westermann:
685 520 713 565 ἐφ’
724 520 737 566 qi
748 521 867 568 ὀργισθεῖσαν

82 572 115 618 τὴν
123 570 170 608 θεὸν
179 571 295 618 (Ἀρτέμιδα)
308 569 440 615 ἀττοοῃρτῶσαι
449 568 506 613 αὐτὴν
515 566 600 614 (Ἄρκτον
611 565 647 611 τὴν
654 566 745 615 μεγάλην)
750 594 754 609 ,
768 570 798 602 καὶ
813 567 867 613 οὕτως

82 623 141 654 τεκεῖν
152 616 222 663 ἄρκτον
232 619 338 665 γενομένην
349 614 383 652 τὸν
395 618 487 659 κληθέντα
494 613 578 662 11001100.
591 634 615 638 -
630 610 720 647 Ceterum
735 611 807 657 uerbis,
822 626 867 661 quae

80 664 136 698 modo
144 660 280 706 tractavimus,
289 661 354 706 plures
362 671 393 696 res
402 661 481 695 aliunde
489 671 528 695 non
536 666 593 694 notae
602 657 729 693 continentur.
745 657 814 693 Jorem
823 671 843 695 se
850 661 867 697 in

81 719 147 743 ursum
157 706 272 752 mutavisse,
282 706 340 742 etiam
352 705 385 741 alii
394 705 521 751 prodiderunt
531 703 639 748 memoriae,
651 703 686 739 cfr.
695 702 800 749 mungeri
809 703 866 742 Theb.

81 752 177 789 Paradex.
187 765 205 799 p.
213 751 256 794 422,
271 752 305 787 sed
317 751 361 788 ideo
374 762 418 786 eum
428 751 467 786 hoe
478 750 557 795 fecisse,
568 754 591 785 ut
604 761 647 784 cum
660 747 784 784 Amalthea
800 748 867 787 Phoci

81 798 136 834 filia
151 797 296 839 concumberet,
311 801 388 842 praeter
403 797 508 842 scriptores
526 795 654 831 Homiliarnm
670 797 689 830 et
704 793 868 844 Recognitionum,

81 854 148 887 nemo,
163 842 215 889 quod
229 854 266 888 ego
281 842 358 888 quidem
370 841 434 877 sciam.
452 841 505 876 Fieri
516 845 582 876 tamen
589 843 663 886 potest,
672 842 693 874 nt
700 840 723 881 ii,
735 840 767 885 qui
776 838 843 875 Jovem
852 842 869 877 in

81 901 148 924 ursum
166 891 260 922 mutatum
275 890 379 929 noverunt,
394 887 418 922 de
432 886 471 921 hoe
485 886 527 931 ipso
543 885 648 921 concubitu
661 884 795 931 cogitaverint.
818 885 869 922 Jovis

83 942 161 980 propter
170 932 295 969 Callistoncm
303 933 324 966 in
332 933 407 967 leonem
416 932 485 966 mutati
493 930 556 966 nullus
566 931 615 965 alius
621 931 736 965 mentionem
744 929 797 965 fecit.
812 931 868 968 110010

82 980 162 1016 11000115
172 977 262 1014 Semelen
270 978 283 1013 J
285 989 339 1012 ovem
347 977 423 1013 leonem
432 979 531 1021 expertam
539 987 581 1011 esse
590 975 632 1021 scit,
642 976 676 1011 cfr.
683 975 755 1020 Unger.
764 975 775 1009 l.
786 987 801 1012 o.
809 977 869 1020 pem.

83 1025 120 1061 Vel
129 1024 156 1059 sic
164 1027 230 1059 tamen
238 1024 291 1058 nulla
300 1027 330 1057 est
339 1033 412 1065 caussa,
422 1034 456 1057 cnr
465 1022 523 1057 etiam
530 1021 579 1056 illud
588 1022 608 1056 in
617 1020 689 1056 fabulis
696 1020 756 1056 luisse
764 1021 870 1065 praefracte

82 1081 182 1117 negemus.
188 1090 211 1095 -
217 1073 238 1103 V.
247 1069 258 1104 8
267 1079 324 1114 quam
333 1068 375 1103 cod.
385 1067 406 1102 0.
415 1067 496 1114 praebet
505 1066 576 1102 variam
584 1066 688 1103 lectionem
697 1067 758 1112 ἐξέφυ,
767 1066 808 1112 jam
817 1079 871 1113 supra

83 1115 183 1162 attigimus
195 1115 249 1160 adp.
262 1114 301 1158 108,
311 1114 337 1149 13.
362 1111 410 1148 Cum
423 1113 465 1150 cod.
480 1111 501 1148 0.
513 1112 648 1149 consentiebat
659 1113 757 1157 exemplar
772 1111 870 1158 Graecum,

85 1173 122 1208 quo
135 1161 227 1197 utebatur
240 1159 330 1195 Rufinus:
344 1159 361 1194 is
376 1159 427 1194 enim
441 1158 469 1194 510
484 1162 513 1194 051
526 1158 673 1205 interpretatus:
688 1169 724 1203 „ex
738 1169 776 1204 qua
789 1158 872 1194 nascitur

85 1208 149 1243 Minos
164 1211 184 1243 et
197 1205 343 1242 Rhadamantus
358 1204 401 1249 (sie)
414 1204 657 1251 Sa1·pedonque.“—V.0
670 1215 698 1250 sq.
710 1203 759 1239 haee
771 1203 871 1241 habentur:

84 1254 172 1302 ‘Epoor'oo
181 1251 256 1302 νύμφῃ,
265 1250 368 1299 γενόμενος
376 1251 424 1299 ῃύψ,
437 1253 456 1291 ἐξ
465 1253 484 1297 ἧς
493 1254 512 1286 01
520 1253 540 1287 ἓν
548 1254 624 1297 Σικελίᾳ
632 1249 688 1286 mileu
699 1255 764 1297 σοφοί,
783 1250 872 1294 Recogui-

85 1299 149 1334 tiones
164 1298 258 1344 praebent
272 1297 297 1342 X,
309 1297 340 1332 221
365 1296 467 1342 „Thaliam
481 1300 503 1332 et
522 1296 558 1339 (sic
572 1300 624 1332 recte
640 1296 730 1343 Ungerus
745 1296 757 1330 1,
772 1306 788 1332 c.
802 1307 820 1340 p.
834 1296 872 1336 2111

86 1345 170 1379 Aetnam
178 1342 297 1390 Nymphaei,
308 1346 392 1377 mutatus
401 1343 421 1377 in
429 1343 529 1384 vulturem,
539 1353 562 1377 011
570 1354 609 1389 qua
616 1345 723 1377 nascuntur
732 1345 782 1387 apud
791 1341 873 1377 Siciliam

85 1389 175 1425 Palisei“.
199 1388 243 1425 Jam
258 1387 489 1424 Coteleriusvocabulum
498 1388 586 1437 Ἑρστιιόυ
600 1388 670 1423 mutari
684 1388 747 1423 voluit
761 1387 782 1422 in
797 1392 872 1434 Αἴτνῃ.

87 1434 160 1471 Contra
166 1434 319 1470 Valckeuaerius
329 1435 353 1469 ad
362 1432 472 1469 Callimach.
478 1433 532 1480 Eleg.
537 1434 613 1479 Pragm.
618 1444 636 1478 p.
642 1434 675 1468 110
683 1432 760 1468 maluit:
768 1439 788 1469 A
792 1436 845 1469 ἰτντι
850 1427 873 1469 [c

86 1480 114 1515 At
121 1480 170 1515 haee
177 1479 260 1515 nominis
269 1479 332 1515 forma
340 1478 459 1515 admittenda
466 1489 504 1513 non
514 1482 548 1515 est.
573 1479 655 1515 Omnino
664 1477 784 1525 probabilius
796 1480 873 1523 videtur,

86 1526 213 1571 incorrupta
228 1536 275 1560 voce
291 1524 379 1574 Ἐοοοίου
396 1525 456 1560 101010
470 1525 531 1570 patris
546 1525 656 1560 Palicorum
671 1535 745 1559 nomen.
771 1524 874 1559 Tentanms

86 1572 156 1618 igitur:
177 1573 261 1617 Θαλείᾳ
279 1585 303 1620 τῃ
322 1574 359 1606 καὶ
371 1574 454 1619 Αἴτνῃ,
471 1573 498 1615 τῆ
513 1570 647 1618 Ἡφαίστου,
667 1568 746 1619 νύμφῃ
766 1570 804 1611 (vel
821 1568 874 1619 ούσῃ

87 1616 112 1653 νύ
116 1620 186 1666 μφῃ),
199 1629 238 1663 peu.
250 1620 294 1652 cett.
305 1615 389 1651 Exstant
400 1617 477 1662 quidem
486 1609 533 1661 loci,
545 1617 564 1651 in
572 1615 645 1662 yquibus
655 1617 696 1651 aliis
704 1616 814 1652 Palicorum
822 1620 875 1662 pater·

87 1665 254 1706 commemoratur,
272 1660 307 1697 cfr.
324 1660 415 1707 Stephan.
431 1662 512 1706 Byzant.
528 1674 544 1698 s.
561 1674 578 1697 v.
593 1660 666 1706 Πτιλττὴ
684 1664 704 1697 01
718 1661 803 1707 Hesyclr.
819 1665 875 1709 atque

88 1707 318 1743 Favorin.s.v.11ntizor'
328 1710 452 1754 (quamquam
461 1706 493 1743 hie
504 1707 563 1743 talem
574 1707 593 1742 in
605 1707 682 1742 modum
694 1710 795 1752 corruptus
807 1711 845 1752 est,
856 1710 875 1741 ut

86 1753 118 1787 vix
132 1753 152 1787 in
167 1763 245 1787 censum
255 1751 322 1788 venire
332 1751 405 1797 possit,
419 1752 454 1788 cfr.
467 1752 566 1789 Welckeri
577 1752 647 1787 librum
660 1752 684 1788 de
695 1753 794 1788 veteribus
811 1752 875 1788 Monu-

86 1798 188 1834 mentis-
202 1795 259 1842 „Alte
274 1797 405 1833 Dentmalar
421 1818 443 1824 —
458 1797 480 1833 P.
491 1798 526 1844 1Π,
541 1810 559 1843 p.
570 1798 622 1842 224),
638 1798 673 1832 sed
683 1798 790 1834 Vulcanum
804 1801 876 1843 patrem

88 1844 145 1890 longe
154 1843 233 1888 plurimi
240 1847 352 1889 nuncupant
361 1842 467 1887 scriptores
476 1848 495 1879 et
501 1843 620 1879 'vocabulum
628 1842 735 1891 Ἡφαίστου
744 1842 827 1879 01001010
835 1853 875 1888 pro-

88 1889 138 1923 xime
153 1887 230 1924 accedit
244 1889 268 1923 ad
275 1888 368 1936 Ἑῃοαίοο.
391 1887 496 1925 Praeterea
508 1888 616 1925 Ootelerms
629 1889 765 1933 adnotaverat,
776 1900 812 1934 pro
823 1887 875 1926 τιύλτιτ

89 1937 150 1980 σοῃοί
160 1933 284 1968 scribendum
293 1944 343 1968 esse:
356 1937 441 1970 Παλτκοί.
454 1933 490 1969 Est
499 1935 547 1970 haec
556 1945 602 1970 sane
609 1934 664 1979 justa
672 1934 754 1969 nominis
761 1933 828 1969 forma.
840 1931 876 1969 Sed

88 1982 128 2013 tam
140 1988 163 2012 ex
175 1978 209 2013 illa
220 1977 313 2012 librorum
324 1979 419 2023 scriptura
430 1990 487 2024 quam
500 1992 523 2016 ex
535 1991 558 2014 eo
571 1979 622 2025 quod
631 1980 651 2014 in
663 1979 838 2025 Recognitionibus
851 1981 878 2013 est

88 2022 167 2068 Falisci,
178 2024 243 2058 clucet
250 2022 378 2069 Homiliarum
390 2023 503 2069 scriptorem
517 2025 616 2071 posuisse:
631 2028 688 2061 Παλι
695 2030 750 2061 σκοί.
759 2045 782 2051 —
789 2024 811 2060 P.
820 2025 842 2059 10
851 2034 877 2069 sq.

89 2068 262 2114 obtemperandum
275 2072 317 2103 erat
328 2067 449 2113 Schweglero
461 2073 481 2103 et
494 2070 573 2115 Ungero
587 2069 628 2112 (cfr.
640 2070 651 2104 l.
663 2082 679 2106 c.
690 2082 708 2115 p.
720 2070 760 2113 365)
774 2070 877 2104 secundum

88 2113 169 2149 Diodor.
178 2112 223 2148 Bibl
237 2112 261 2156 V,
271 2113 299 2158 55,
309 2113 460 2160 corrigentibus:
467 2113 553 2162 Ἶμοιλίᾳ
563 2116 586 2165 τῃ
593 2121 669 2162 papirus?
676 2118 696 2152 ἓν
702 2114 760 2161 Ῥόδῳ
769 2114 800 2150 did
806 2115 878 2168 ῤ’μβρον

90 2160 190 2204 συνῆλθεν,
201 2161 221 2199 ἐξ
228 2159 249 2203 ἧς
257 2164 276 2195 Σ
278 2165 365 2207 nuptui
367 2173 377 2193 0
383 2173 398 2201 ς,
408 2157 494 2205 Κρόνιος,
505 2158 570 2200 Κύτος.
579 2181 602 2185 -
610 2165 631 2194 V.
639 2161 661 2195 12
670 2160 712 2195 sine
720 2160 849 2196 haesitatione
857 2171 878 2194 er

89 2204 208 2250 Schwegleri
225 2205 322 2240 sententia
335 2203 677 2286 corrigendumerat:.'»17ppvroc,
691 2205 729 2240 nisi
742 2205 784 2253 quis
799 2205 877 2242 mavult:

604 2263 609 2285 1

83 2250 180 2297 Ἄτυμνος.
204 2249 241 2285 Illa
256 2250 318 2287 forma
332 2262 379 2286 usus
397 2255 427 2286 est
440 2249 570 2297 Apollodorus

89 2294 250 2342 Apolloniates.
259 2296 331 2342 Argon.
339 2297 365 2342 H,
374 2297 411 2342 178,
421 2308 477 2343 quam
485 2297 537 2344 quod
545 2295 649 2333 Salmasius
658 2298 683 2333 ad
691 2296 749 2333 Solin.
757 2309 776 2344 p.
782 2297 816 2332 121
825 2298 879 2333 unice

89 2342 211 2388 probandam
220 2346 292 2386 censet,
301 2353 354 2378 error
362 2346 397 2378 cst.
421 2342 695 2391 1000111101·10110οἈτύμντος
704 2343 761 2379 etiam
769 2345 821 2389 apud
829 2343 879 2379 Non·

89 2399 135 2422 num
143 2386 224 2433 Dionys.
233 2387 287 2433 XIX,
298 2388 335 2433 181,
344 2400 401 2434 porro
411 2388 463 2435 apud
470 2388 575 2424 Homerum
582 2389 605 2425 11.
613 2389 636 2432 V,
644 2389 678 2425 581
688 2392 707 2424 et
715 2388 768 2433 XVI,
776 2390 815 2434 311,
824 2395 879 2435 atque

90 2433 143 2479 apud
153 2432 246 2475 Quintum
259 2431 384 2478 Smyrnaeum
394 2435 430 2479 ΙΠ,
443 2434 483 2478 300,
498 2439 565 2481 estque
577 2435 634 2470 etiam
646 2434 676 2469 his
688 2435 737 2469 locis
750 2435 802 2470 idem
813 2444 880 2471 nomen

90 2478 242 2525 agnoscendum.
254 2477 322 2524 Neque
331 2491 376 2515 vero
386 2481 459 2526 opinor,
469 2480 574 2528 quidquam
585 2480 710 2515 tribuendum
718 2492 760 2516 esse
770 2480 793 2524 ei,
803 2480 854 2528 quod
862 2478 880 2513 in

90 2524 193 2570 Recognit.
201 2523 226 2566 X,
235 2524 257 2558 22
269 2525 361 2570 scriptum
369 2526 473 2572 reperitur:
485 2524 616 2570 Anclrinos,
630 2538 678 2561 non:
689 2524 829 2563 Anchinios.
851 2525 880 2560 De

90 2568 182 2617 Atymnio
192 2570 232 2604 sive
240 2568 324 2616 Atymno
338 2582 361 2606 ex
369 2571 510 2607 recentioribus
522 2570 632 2608 hominibus
642 2571 705 2608 doctis
715 2572 829 2608 consulendi
838 2572 881 2607 sunt

91 2615 178 2662 inprimis
192 2615 308 2652 Welclrerus
322 2616 343 2650 in
357 2617 527 2662 commentatione,
543 2617 574 2652 eui
591 2617 670 2653 titulum
686 2617 734 2653 fecit
747 2616 825 2663 „Ueber
840 2617 881 2652 eine

92 2660 196 2697 Kretische
206 2659 286 2697 Solonis
294 2662 315 2696 in
324 2661 424 2706 Theben“,
435 2675 453 2709 p.
462 2663 473 2697 8
483 2667 502 2699 et
512 2662 544 2706 03,
556 2662 664 2698 Morersius
676 2662 696 2697 in
706 2661 757 2698 libro
769 2662 793 2698 de
800 2660 881 2698 Phoeni·

92 2706 146 2741 cibus
159 2707 184 2753 Π,
196 2708 213 2751 2,
227 2719 245 2753 p.
257 2707 288 2749 00,
300 2707 324 2742 Η.
336 2708 359 2743 Ι),
372 2708 477 2744 Muellerus
494 2708 514 2743 in
527 2708 651 2754 Mythologia
666 2707 753 2753 gentium
769 2717 880 2754 graecarum

93 2750 222 2798 (Mythologie
233 2753 266 2788 der
275 2752 354 2790 Griech.
364 2752 455 2798 Stamme)
463 2754 478 2798 1,
487 2766 505 2799 p.
513 2754 548 2789 310

138 2795 159 2830 P.
170 2798 207 2839 lm,
217 2799 226 2831 1
235 2799 286 2843 quod
295 2799 398 2833 articulum
407 2802 441 2835 rot
450 2810 460 2833 e
470 2799 511 2834 eod.
521 2798 536 2833 Ο
546 2797 628 2843 recepit,
639 2797 701 2832 1010115
710 2798 760 2834 hene
768 2798 816 2834 fecit
824 2799 881 2834 Dres-

93 2840 158 2876 selius.
174 2841 310 2878 Valckenaerii
326 2844 466 2890 conjecturam:
481 2842 620 2891 &poprietatem
629 2843 696 2879 merito
709 2843 783 2890 respuit
793 2845 882 2890 Ungerus

611 2250 637 2286 bl.
652 2251 689 2295 HI,
701 2252 717 2296 1,
728 2252 745 2297 2,
761 2251 799 2287 hac
817 2250 878 2288 Schol.
