1827 3065
359 96 464 129 nrrroun
476 97 572 130 urrann.
824 86 864 128 149

75 196 228 240 examinandum,
243 206 288 230 num
300 193 343 240 quis
355 204 407 239 eum,
422 195 454 241 qui
466 195 517 231 solus
529 196 591 232 bonus
604 194 684 239 existat,
696 195 767 230 malum
776 198 863 234 omnibus

74 246 128 284 malis
138 240 247 278 subiecerit.

117 286 211 324 XXXIX.
235 287 261 321 Et
273 284 347 321 Simon:
360 283 485 321 Manifestum
497 292 536 332 cst,
549 291 569 323 te
578 285 748 332 reprehensionem
755 286 795 323 Dei
803 290 832 324 tui
841 302 864 326 ex

16 374 18 376 .
75 330 322 382 Scripturisnolleaudire.
346 329 376 365 Ac
384 331 462 369 Petrus:
475 332 506 367 Tu
517 333 558 380 ipse
567 333 588 368 id
596 333 660 368 facere
669 332 717 367 mihi
725 332 802 369 videris.
827 335 864 378 oui

75 383 123 420 enim
132 378 217 415 ordinem
226 376 345 423 quaestionis
353 375 414 424 fugit,
427 388 505 413 examen
513 391 578 415 verum
586 378 629 414 fieri
637 389 676 413 non
684 378 731 413 vult.
755 377 812 416 Unde
821 392 864 429 ego,

75 428 106 475 qui
118 424 183 462 ordine
194 426 238 457 utor
250 426 269 458 et
280 422 324 457 volo
336 422 417 468 primum
429 423 546 460 considerari
558 424 679 471 scriptorem,
693 423 796 460 manifeste
808 429 864 473 cupio

74 476 126 510 recta
133 470 165 505 ria
176 468 271 503 incedere.
295 467 345 502 Tum
354 467 428 504 Simon:
440 468 503 504 Primo
512 469 581 514 fatere,
591 482 616 506 an
623 481 669 506 vera
677 470 726 514 sint,
736 481 784 516 quae
794 472 865 519 scripta

75 517 145 554 suntin
153 513 220 549 mundi
228 512 326 560 opificem,
338 524 374 548 nec
383 514 409 548 sit
422 514 505 549 omnium
513 527 619 562 supremus,
634 527 677 551 cum
689 516 744 551 iuxta
755 515 864 563 Scripturas

26 574 28 576 ’
76 562 125 600 omni
132 559 231 605 nequitiae
241 559 346 602 subiaceat,
356 561 375 594 et
383 563 451 606 postea
460 560 571 606 scriptorem
580 572 698 607 quaeramus.
711 561 781 597 Petrus
790 567 864 599 autem:

17 634 19 636 ,
75 610 103 645 Ne
114 606 189 648 videar,
202 604 310 640 confusioni
321 608 366 640 tuae
378 605 430 640 nolle
443 606 583 650 contradicere,
592 618 628 642 nec
636 607 742 654 inquirere,
750 611 864 655 respondeo.

75 655 115 701 Ego
125 652 154 687 aio
164 650 246 695 etiarnsi,
256 661 304 696 qnae
311 650 402 685 adversus
409 650 473 686 Deum
482 651 553 698 scripta
562 656 612 695 sunt,
621 657 686 688 essent
692 664 743 698 uera,
752 657 866 691 nontamen

18 706 20 708 ’
76 702 132 736 etiam
141 697 169 732 sic
177 696 240 730 Deum
249 707 272 731 ea
281 696 382 732 ostendere
391 707 433 732 esse
441 697 552 743 improbum.
575 698 601 733 Et
610 697 674 734 Simon
683 699 741 734 dixit:
758 699 799 742 Quo
808 701 864 737 modo

76 749 129 792 potes
138 742 175 778 hoc
183 740 297 778 adstruere?

119 788 160 823 XL.
183 787 292 833 Respondit
306 787 384 823 Petrus:
410 786 505 823 Adamum
520 788 568 824 dicis
583 800 661 824 caecum
677 789 780 826 formatum
796 791 864 837 fuisse,
895 809 897 811 ·

76 835 125 882 quod
138 838 203 869 tamen
217 833 251 869 ille
261 845 300 869 non
311 836 356 868 crat.
380 833 424 870 Non
437 834 487 869 enim
502 845 559 870 caeco
575 835 696 881 praecipiens
711 836 830 873 ostendisset
841 850 864 874 ac

77 881 164 916 dixisset:
180 880 208 914 -cle
221 880 271 925 lipuo
286 885 346 914 cirtem
360 880 447 915 scientiae
462 880 505 915 helii
519 886 536 916 et
549 881 596 915 nauli
609 893 631 915 oe
644 882 723 926 perstetis.
747 881 773 916 Et
789 881 864 919 Simon:

77 926 157 963 Caecam
166 924 214 959 dixit
222 928 306 960 mentem
314 924 380 971 ipsius.
404 925 434 961 Ac
441 925 520 961 Petrus:
534 925 576 968 Qua
586 926 661 961 ratione
668 930 734 963 mente
743 939 812 964 caecus
822 941 865 965 esse

75 975 158 1019 poterat,
171 970 213 1017 qui,
228 973 331 1017 antequam
342 974 442 1018 gustasset
453 970 545 1016 fructum,
560 972 696 1008 convenienter
710 974 791 1009 creatori
803 974 865 1021 ipsius

75 1017 150 1065 propria
159 1016 246 1052 omnibus
255 1016 370 1052 animalibus
382 1017 474 1064 imposuit
483 1016 574 1053 nomina?
599 1016 663 1052 Simon
674 1029 728 1053 vero:
747 1018 768 1054 Si
779 1018 865 1056 Adamus

17 1081 19 1083 ·
75 1063 218 1110 praenotionem
229 1061 307 1106 habuit,
320 1073 377 1108 quare
388 1075 427 1098 non
437 1064 538 1109 praenovit
551 1065 659 1108 serpentem
670 1074 747 1098 urorern
758 1065 799 1099 eius
811 1066 866 1102 dece-

75 1107 162 1155 pturum?
176 1108 259 1143 Rursum
267 1108 344 1143 Perus:
358 1107 379 1143 Si
387 1108 532 1155 praenotionem
539 1119 578 1143 non
586 1107 654 1142 habuit
662 1107 755 1153 Adamus,
764 1121 801 1155 quo
809 1113 865 1147 modo

75 1155 120 1190 filiis
129 1154 175 1198 suis,
188 1154 244 1189 simul
252 1166 275 1189 ac
283 1153 325 1189 nati
333 1157 383 1199 sunt,
391 1154 469 1190 nomina
477 1153 569 1199 imposuit
578 1153 683 1188 secrmdum
690 1153 764 1189 futuras
773 1156 866 1201 actiones,

75 1201 154 1247 primum
163 1199 240 1245 quidem
248 1211 319 1235 vocans
330 1199 384 1245 Chic,
395 1199 446 1246 quod
454 1198 555 1245 exponitur
568 1200 676 1244 aemulatio,
689 1199 721 1245 qui
733 1200 792 1236 etiam
803 1213 866 1238 aernu-

76 1247 147 1282 latione
156 1246 225 1280 ductus
234 1244 332 1281 interfecit
340 1244 418 1281 fratrem
428 1256 483 1279 suum
492 1245 547 1290 Adel,
559 1244 611 1290 quod
621 1256 691 1280 nomen
701 1246 783 1281 vertitur
795 1248 867 1284 leretur?

77 1291 136 1338 Super
149 1303 171 1327 eo
183 1290 353 1337 siquidemprimo
367 1290 465 1327 homimun
481 1289 544 1326 occiso
559 1293 650 1337 parentes
664 1291 758 1326 luserunt.
783 1292 868 1334 Quodsi

76 1337 170 1381 ridemus,
183 1337 215 1382 qui
222 1335 280 1372 Deio
295 1348 317 1371 us
326 1339 376 1380 erat,
387 1335 532 1383 praenotionem
542 1335 620 1380 habuit,
633 1337 693 1372 multo
704 1338 767 1384 magis
778 1340 811 1384 qui
823 1351 867 1375 con-

77 1383 125 1418 didit
134 1394 176 1418 eum
184 1383 244 1418 Deus.
287 1394 299 1416 u
307 1385 382 1427 autem,
391 1394 402 1418 0
411 1381 485 1426 Simon,
499 1393 542 1417 cum
550 1381 600 1417 male
609 1381 710 1430 intelligas
720 1382 795 1420 divinas
804 1384 867 1432 Scrip-

119 1441 133 1472 s,
143 1429 232 1464 obturato
241 1440 273 1464 ore
281 1431 331 1463 tace.

120 1473 172 1511 XLI.
196 1473 254 1509 Porro
263 1473 314 1520 quod
326 1473 418 1519 scriptum
430 1476 470 1509 est:
487 1485 547 1508 recum
558 1473 651 1518 reputavit
662 1475 722 1518 Deus,
735 1472 791 1519 quasi
801 1476 867 1509 utatur

107 1520 222 1556 'opinatione
234 1523 312 1566 propter
325 1519 464 1566 ignorantiam
478 1522 497 1554 et
509 1518 572 1554 adhuc
585 1518 602 1553 si
614 1519 690 1553 tertiavit
700 1520 794 1554 Dominus
805 1521 867 1555 Adre-

111 1578 157 1611 νισι,
165 1569 187 1600 ut
196 1568 332 1612 cognosceret,
342 1576 367 1600 an
375 1565 392 1599 is
400 1564 459 1600 terret
467 1564 573 1611 patienter,
586 1563 636 1599 illud
644 1564 714 1600 etiam:
732 1566 867 1600 Descendenter

117 1623 175 1656 arnus,
184 1623 209 1646 err
218 1612 317 1646 secondom
326 1612 425 1646 clamer-em
433 1612 525 1656 ipsorum,
535 1611 567 1656 piei
574 1611 623 1644 verrit
631 1610 658 1644 erl
665 1622 701 1655 me,
709 1609 822 1655 perpiciant:
837 1611 867 1645 sic

76 1658 140 1701 ereinuc,
149 1662 170 1691 et
176 1657 240 1691 sciuris.
264 1655 293 1691 Ac
302 1667 326 1691 ne
335 1667 441 1691 sermonem
449 1656 526 1702 longius
534 1654 653 1702 protraham,
665 1655 736 1690 clarum
744 1654 866 1691 intellectum

75 1701 147 1738 habent
162 1713 185 1737 ea
198 1701 319 1746 testimonia,
333 1712 369 1736 nec
381 1701 444 1736 Deum
457 1701 480 1736 de
491 1700 601 1747 ignorantia
613 1704 704 1746 arguunt,
719 1700 767 1735 iicet
781 1700 802 1734 id
812 1705 866 1737 tuam

75 1747 138 1795 fugiat
146 1747 302 1793 intelligentiam.
327 1746 382 1788 Quod
391 1749 455 1782 autem
462 1757 529 1781 revera
536 1745 627 1792 praescit,
636 1745 680 1781 idco
689 1746 738 1780 dicit
745 1744 866 1782 Abrahamo:

77 1794 155 1829 Seleuco
164 1794 218 1836 scies,
231 1794 280 1838 qreod
284 1792 404 1838 percprilmm
412 1793 447 1827 erit
455 1804 514 1827 remeu-
523 1797 573 1826 lcum
581 1792 600 1825 in
610 1797 661 1826 teme
670 1803 706 1826 ricc
715 1803 750 1826 creo
754 1805 762 1836 ,-
778 1797 794 1826 et
802 1793 822 1827 ia
830 1804 867 1827 ser-

75 1840 147 1874 uitutem
154 1839 237 1883 reclipent
242 1839 290 1873 illud
297 1843 313 1872 et
319 1838 404 1882 qfflieenl
410 1843 427 1873 et
432 1838 534 1883 depriment
541 1849 571 1872 ees
578 1837 719 1882 prendi-inpectis
726 1837 792 1871 canis:
798 1844 868 1882 pentem

77 1890 145 1929 curere,
154 1884 184 1918 cni
192 1885 280 1927 servient,
289 1895 320 1928 epe
328 1884 426 1918 iirrli'cuho:
438 1888 480 1928 post
490 1883 535 1917 llaec
543 1895 586 1917 cer-0
595 1883 669 1917 ecloum
677 1884 711 1917 lerec
720 1894 760 1917 reor
770 1884 827 1918 raclio
835 1896 868 1929 cp-

73 1935 155 1975 percic:
171 1941 183 1963 c
192 1934 252 1963 aeirem
261 1929 427 1973 circumpones
436 1934 475 1963 tuos
484 1940 525 1963 cum
532 1940 587 1974 prr-ee,
596 1928 677 1963 cautritur
685 1929 705 1963 ia
713 1933 802 1963 selrectrete
810 1930 868 1964 benc:

77 1981 144 2019 quarte
152 1986 195 2009 cero
203 1975 320 2019 perseeutione
328 1980 440 2009 revertentur
448 1974 493 2009 llaec:
502 1975 580 2009 necdum
588 1975 636 2008 ecim
645 1974 735 2019 completa
742 1979 785 2008 seer
789 1980 869 2019 peccem

79 2021 241 2056 Arnorrlrccormn.

121 2064 184 2100 XLII.
209 2063 310 2102 Caeterum
327 2064 433 2111 disputatio
447 2076 481 2112 per
495 2068 535 2101 tres
554 2064 596 2100 dies
611 2064 691 2099 duravit.
715 2063 787 2106 Quarto
804 2068 869 2100 autem

77 2110 211 2155 illucescente,
227 2110 293 2147 Simon
307 2111 379 2157 Tyrum
393 2110 441 2158 fuga
455 2111 579 2157 seabripuit.
602 2110 644 2146 Nec
658 2109 724 2144 multis
738 2113 783 2155 post
800 2110 868 2146 diebus

78 2161 170 2193 venerunt
179 2157 256 2203 quidam
264 2157 292 2202 ad·
297 2156 375 2192 Petrum
383 2157 497 2203 apostolum,
507 2158 539 2202 qui
548 2156 645 2191 dixerunt:
655 2153 721 2191 Simon
726 2166 807 2202 magnas
816 2167 869 2202 prae·

79 2203 147 2249 stigias
160 2203 208 2250 Tyri
222 2202 296 2238 edendo
306 2202 378 2237 multos
391 2202 498 2237 incolarum
511 2201 602 2247 perculit,
614 2204 673 2246 teque
684 2200 751 2236 multis
767 2201 869 2236 calumniis

80 2249 166 2284 odiosum
175 2248 266 2284 reddidit.
289 2248 344 2283 Haec
354 2247 389 2283 uhi
401 2248 475 2283 audivit
487 2247 556 2282 Petrus
568 2246 677 2292 apostolus,
689 2246 801 2292 insequenti
811 2251 869 2283 nocte

78 2305 152 2330 omnem
162 2294 255 2342 populum
267 2292 369 2329 convenire
381 2293 438 2337 fecit,
454 2296 473 2328 et
490 2292 614 2340 congregatis
630 2291 688 2328 dixit:
709 2292 870 2338 Quandoquidem

80 2410 198 2456 tieuianfflie
215 2425 313 2464 agnoscunt.
331 2440 355 2444 -
369 2417 387 2462 4)
402 2417 459 2455 κακὸν
489 2420 541 2452 0.-
554 2416 572 2464 6)
580 2421 611 2453 καὶ
620 2420 653 2453 des.
662 2421 680 2453 iu
689 2421 742 2454 O.—
753 2416 771 2464 ἵ)
780 2418 840 2454 ἀνεῖλε
850 2422 869 2453 0.

78 2468 112 2502 des.
123 2470 142 2502 in
152 2470 168 2502 V
180 2471 197 2501 ct
209 2469 237 2501 Or.
249 2469 295 2509 item,
309 2467 365 2508 Hom,
376 2467 424 2510 Epit.
436 2485 459 2488 —
487 2485 509 2489 —
526 2463 545 2509 8)
560 2465 588 2509 τῷ
603 2476 636 2498 om.
652 2466 674 2499 V.
690 2484 713 2488 —
730 2462 748 2509 a)
763 2464 801 2508 εἶχε
816 2466 835 2498 Ο.
847 2484 870 2488 —-

80 2512 97 2558 5)
113 2515 142 2547 Ita
158 2515 207 2546 ctiam
223 2514 271 2558 Epit,
288 2524 302 2546 c,
318 2509 349 2554 38,
367 2508 459 2555 ὑπέβαλεν
488 2506 518 2554 10)
528 2511 594 2555 πολλῷ
603 2512 622 2543 0.

78 2556 206 2601 Homnrlo.
522 2557 563 2600 cap.
577 2557 623 2589 XLI.
649 2553 667 2600 l)
676 2556 800 2600 χρησαμένου
812 2557 834 2590 V.
847 2575 871 2579 -

78 2600 80 2603 ”
114 2606 153 2650 Cap.
165 2605 249 2638 XXXIX.
273 2602 283 2637 1
307 2604 367 2648 λέγων
381 2598 458 2648 φεύγων
486 2598 504 2643 2)
517 2603 576 2636 elom.
588 2601 732 2643 dehiscendo
745 2600 834 2646 ἔπείροζε,
848 2621 871 2627 -

80 2648 157 2696 0.-2)
167 2650 205 2684 ἐστι
216 2648 286 2684 0-3
302 2646 396 2683 tione
489 2645 500 2679 3
517 2647 620 2693 ἐρχομένην
632 2647 651 2679 0.
665 2665 689 2670 -
704 2642 723 2691 4)
737 2645 802 2690 ἔχουσι
815 2649 834 2680 O.
848 2667 872 2671 -

114 2691 461 2740 capnt.1)Gen.2‚1l.-2]tlsye
489 2691 500 2726 5
519 2690 625 2727 euzoioovoe
637 2692 656 2724 0·
670 2711 690 2716 —
703 2689 798 2733 (ἣσύτοὺς
810 2692 872 2736 imre

81 2740 101 2772 Ο.
115 2742 163 2774 Infra
174 2738 254 2777 ἐδύνατο
269 2742 319 2775 etiarn
332 2742 360 2774 Or.
373 2759 396 2763 —
409 2738 426 2782 3)
439 2736 462 2772 τὰ
491 2735 601 2785 τετρακόσια
607 2736 682 2780 0.-7)
691 2734 815 2773 ceuleimen
825 2740 872 2772 0.—

81 2795 112 2818 0111.
127 2789 148 2821 V.
164 2805 188 2810 —
203 2784 221 2831 4]
237 2789 264 2821 Ita
279 2787 344 2829 corrigo
361 2786 412 2820 Codd.
427 2785 462 2818 OV
490 2782 509 2829 8)
517 2786 557 2818 Gen.
567 2781 594 2825 15,
603 2781 626 2816 13
634 2794 671 2828 sqq.

81 2830 169 2866 tectionem
178 2831 305 2878 ἀπατήσαντα.
317 2851 341 2856 -
353 2829 462 2877 amnicos
526 2831 566 2874 Gap.
582 2829 637 2863 XLII.
671 2827 688 2876 l)
708 2827 743 2865 τὸν
763 2841 795 2862 om.
812 2831 833 2864 V.
849 2848 873 2853 -
