1827 3065
326 105 431 140 nrrrorm
443 106 540 139 manas.
788 92 829 135 233

53 206 118 256 opulus
135 202 292 239 Christianorum.
316 203 341 240 Et
355 206 424 242 missus
441 206 465 242 ab
482 217 505 242 eo
519 209 550 241 est
563 202 680 240 Aufidianus
693 213 781 250 praeses,
798 204 831 249 qui

41 255 107 295 multos
116 248 236 285 Christianos
249 249 329 285 diversis
342 252 442 298 suppliciis
455 252 558 288 interemit.
579 250 617 287 Sed
628 261 671 286 cum
680 248 755 285 videret
764 260 830 285 omnes

42 302 63 341 acl
70 295 181 341 martyrium
191 306 234 330 cum
243 294 313 342 gaudio
322 299 423 343 accedere,
436 297 495 334 cessit
506 296 627 333 multitudini
638 296 700 332 solum
710 298 776 330 tamen
788 306 830 330 san-

42 351 89 386 ctum
102 340 221 377 Clementem
232 352 303 389 cogens
315 341 341 376 ad
349 342 500 379 sacrificandum.
523 343 549 379 Et
560 343 628 379 videns
641 342 689 377 adeo
705 340 796 377 stabilem
810 341 831 376 in

42 389 126 431 Domino,
135 398 172 422 neo
179 386 255 423 omuino
264 398 321 433 posse
330 398 341 423 a
350 389 447 424 sententia
453 389 551 434 dimoveri,
559 389 608 424 dixit
615 388 640 424 ad
648 399 703 423 suos:
712 385 830 422 Prehendite

42 449 80 476 cum
89 437 108 470 et
116 432 207 468 abducite
220 432 240 467 in
251 432 335 468 medium
346 445 406 479 mare,
422 438 442 470 et
450 436 510 482 ligate
520 435 545 470 ad
556 435 627 471 collum
639 434 680 469 eius
692 443 783 469 ancoram
793 431 830 467 fer-

43 493 96 523 ream,
105 482 125 514 et
133 478 154 513 in
161 477 277 524 profundum
283 477 391 524 uriniano,
400 492 424 516 ne
433 480 508 527 possint
515 479 620 516 Christiani
627 491 696 527 corpus
705 480 746 515 eius
756 477 830 514 auferre

44 534 61 566 et
68 536 100 573 pro
109 523 153 559 Deo
162 524 230 559 colere.

83 568 209 605 CLXXXIV.
232 568 276 605 Hoc
287 568 347 617 igitur·
364 571 443 614 peracto
457 569 547 607 universa
562 570 714 607 Christianorum
725 569 830 606 multitudo

43 620 64 657 ad
77 617 132 652 littus
147 615 226 650 adstans
241 614 389 650 lamentabatur.
412 613 477 661 Atque
491 615 575 652 adhaec
591 617 679 653 dixerunt
694 615 795 660 Cornelius
810 619 830 651 et

42 661 127 702 Phoebus
145 661 186 696 eius
205 659 305 707 discipuli:
327 658 397 696 Omnes
410 660 497 697 unanimi
511 673 606 698 consensu
621 674 720 709 precemur
735 665 757 697 ut
773 661 830 697 nobis

43 707 132 747 Dominus
144 707 235 742 ostendat
246 705 336 752 martyris
349 706 379 740 sui
389 705 486 751 reliquias
512 705 582 744 Orante
593 708 653 755 igitur
664 708 735 755 populo
746 707 830 743 recessit

42 746 89 792 mare
97 752 118 788 in
127 752 189 787 sinum
198 763 252 787 suum
260 751 286 787 ad
293 751 331 787 tria
338 751 379 787 fere
385 750 453 796 millia,
463 755 482 788 et
490 753 572 800 ingressi
580 765 615 800 per
622 753 694 789 aridam
702 752 770 800 populi
775 764 830 798 repe-

43 802 103 838 rerunt
117 797 138 834 in
148 796 212 845 figura
222 796 291 844 templi
300 797 401 833 marmorei
411 801 499 845 paratum
507 811 519 835 a
530 798 573 835 Deo
585 799 717 836 habitaculum
729 802 788 844 atque
802 798 831 833 ibi

55 845 123 883 ositum
135 855 203 890 corpus
218 843 281 879 sancti
293 842 398 879 Clementis
410 848 430 880 et
441 855 538 890 ancoram,
553 857 596 881 cunr
610 857 647 892 qua
661 846 748 881 deiectus
760 843 830 888 fuerat,

29 916 33 920 .
43 860 93 928 baud
113 890 167 925 rocul
176 889 200 925 ab
209 900 231 925 eo
240 889 341 925 iacentem.

85 934 99 970 C
118 935 200 971 XXXV.
224 934 339 970 Revelatum
347 946 393 983 ergo
401 934 439 971 fuit
448 936 548 983 discipulis
555 937 603 981 eius,
611 948 636 972 ne
644 935 736 983 reliquias
743 935 778 971 illo
787 935 830 971 loco

43 982 139 1025 tollerent,
153 980 222 1027 quibus
231 983 250 1015 et
257 981 294 1016 hoc
304 981 400 1016 oraculum
407 981 504 1017 redditum
512 986 551 1027 est,
563 981 603 1018 fore
611 986 633 1017 ut
642 982 724 1029 siugulis
733 981 789 1017 annis
799 980 830 1016 die

44 1026 150 1064 certaminis
160 1026 201 1062 eius
209 1037 328 1069 recessurum
336 1026 362 1061 sit
370 1039 421 1063 mare
428 1038 463 1073 per
469 1031 544 1074 septem
552 1027 593 1063 dies
600 1032 620 1063 et
627 1026 751 1063 venientibus
759 1027 831 1062 siceam

42 1072 177 1122 profectionem
191 1071 326 1118 praebitmum.
346 1071 401 1114 Quod
417 1073 494 1119 quidem
509 1073 592 1108 nominis
608 1073 638 1108 sui
653 1073 732 1107 laudem
746 1071 831 1108 Domino

43 1118 114 1166 placuit
125 1117 167 1154 fieri
178 1128 239 1164 usque
251 1118 272 1153 in
281 1117 394 1165 hodiernum
403 1118 459 1154 diem.
482 1118 525 1154 Hoc
537 1121 602 1154 autem
610 1118 662 1154 facto
675 1128 799 1163 omnesquae
811 1117 832 1151 in

44 1163 115 1200 ambitu
135 1167 179 1199 sunt
195 1166 263 1210 gentes
280 1163 401 1199 crediderunt
416 1163 498 1199 Christo.
524 1163 556 1199 lbi
573 1163 639 1198 nullus
659 1162 749 1210 gentilis,
767 1162 832 1197 nullus

43 1210 132 1253 Iudaeus,
147 1209 212 1244 nullus
228 1210 304 1246 omnino
320 1209 418 1245 invenitur
430 1208 546 1245 haereticus.
571 1209 620 1245 Nam
633 1208 675 1244 illic
689 1207 751 1243 multa
765 1219 832 1243 conoe-

43 1256 110 1291 duntur
122 1254 228 1292 beneficia:
243 1255 297 1291 caeci
313 1254 446 1290 illuminantur·
462 1255 483 1290 in
500 1254 553 1289 illius
567 1254 629 1300 festo,
647 1255 749 1290 daemones
768 1253 832 1300 expel-

43 1302 110 1345 luntur,
122 1300 228 1338 febrientes
238 1306 338 1345 sanantur,
349 1300 428 1336 renibus
441 1304 460 1335 et
472 1300 547 1336 calculo
558 1300 669 1336 laborantes
678 1312 713 1346 per
722 1299 783 1335 solum
792 1311 832 1335 cor--

43 1346 90 1393 poris
101 1347 162 1393 ipsius
175 1350 285 1383 contactum
296 1350 316 1383 et
327 1345 460 1382 sanctificatae
472 1357 533 1391 aquae
547 1346 688 1393 aspersionem,
705 1357 728 1381 ao
742 1349 809 1391 potum
821 1357 833 1381 a

43 1393 104 1428 morbo
114 1392 227 1437 liberantur,
239 1396 280 1428 tum
289 1392 322 1438 qui
330 1392 459 1438 qualicunque
467 1391 581 1440 affliguntrn'
591 1392 684 1440 languore
693 1391 718 1427 ad
727 1391 777 1426 sacri
784 1402 832 1427 mar-

43 1438 88 1484 tyris
105 1437 240 1485 confugientes
259 1438 352 1474 auxilium
369 1442 511 1483 consequuntur
528 1437 629 1474 medelam.
652 1437 718 1484 Atque
733 1439 833 1481 permanet

44 1483 102 1529 gloria
112 1484 153 1519 eius
163 1487 182 1518 et
194 1484 235 1519 laus
246 1483 267 1519 in
278 1487 392 1530 perpetuum
402 1494 438 1529 per
449 1483 546 1519 dominum
558 1486 644 1519 nostrum
655 1484 719 1519 lesum
729 1482 831 1526 Christum,

43 1541 75 1575 per
88 1540 144 1576 quem
158 1531 178 1564 et
192 1541 235 1565 cum
249 1540 286 1576 quo
301 1529 353 1576 patri
367 1528 430 1576 gloria
444 1540 487 1565 cum
503 1529 625 1565 sanctissimo
641 1533 661 1565 et
677 1527 754 1565 vivifico
771 1527 832 1575 ipsius

44 1574 110 1621 spiritu
117 1586 169 1611 nunc
178 1579 198 1611 et
207 1587 282 1623 semper
290 1579 310 1611 et
318 1575 338 1610 in
347 1574 413 1610 secula
421 1575 534 1611 seculorum.
557 1573 625 1611 Amen.

72 1737 111 1781 dap,
129 1733 256 1770 damur?
273 1734 290 1779 1]
314 1736 342 1769 Ita
364 1737 416 1778 vulg,
445 1735 462 1778 2)
476 1736 524 1769 an
543 1737 632 1778 doxologia
648 1737 732 1779 sequitur:
749 1732 802 1779 αὐτῷ
817 1732 828 1778 ἦ

43 1779 164 1827 Λύφηὸιανὸς
183 1793 215 1814 sor.
236 1783 273 1815 ΟΥ,
294 1800 318 1805 -
345 1779 362 1822 2)
384 1780 418 1825 dq‘-
448 1779 493 1819 δόξα
507 1783 533 1820 εἰς
551 1779 595 1820 τοὺς
611 1781 681 1820 αἰῶνας
694 1781 733 1815 τῶν
750 1778 829 1820 αἰώνων,

45 1835 108 1866 σαντες
130 1829 153 1869 0,
173 1828 203 1871 qui
222 1838 255 1860 om.
275 1829 306 1861 καὶ
331 1830 369 1860 ante
389 1827 419 1875 ῥί-
449 1824 504 1872 ἀμήν.
525 1828 572 1865 Quae
587 1838 623 1860 eam
637 1827 729 1870 excipiunt,
743 1825 834 1859 incudem

46 1878 97 1913 ψατε.
283 1882 285 1885 ·
330 1889 333 1893 ’
451 1873 753 1914 Cod.Ottobonianonouleguntur.

72 1918 112 1962 Cap.
124 1918 227 1952 CLXXXV.
252 1915 270 1962 1)
283 1914 356 1962 ἐκβάλω
370 1918 389 1952 V.
399 1936 422 1940 —
