1827 3065
177 132 208 165 aa
217 133 350 167 enarraris
358 133 413 167 aon.
425 133 489 170 aura
497 133 549 165 aaa.
557 131 678 165 HOMILIAS.
782 121 823 164 331

33 231 825 332 attatttataaatetartaaagttttttaattattttttssttt

33 327 93 371 ipsius
101 324 175 358 vultu‘.
199 323 264 370 Atque
273 325 314 371 jam
323 325 389 367 video,
402 325 422 358 in
432 322 534 371 Recognit.
542 324 555 359 1.
564 336 580 360 e.
588 323 637 359 haee
645 322 722 360 haberi:
738 324 825 367 „adnun-

34 371 86 406 cians
98 369 155 404 nobis
168 369 264 415 quomodo
277 369 355 416 publice
364 372 425 404 staret
435 373 495 414 pater,
505 367 602 405 Simonem
611 370 690 416 quidem
699 368 733 415 qui
740 368 760 403 in
769 368 826 404 vultu

32 415 134 451 videbatur
148 417 254 449 aeeusans“
270 419 314 451 oett.
338 414 390 450 Hine
403 414 505 460 probabile
518 419 553 459 est,
567 414 659 450 Rufinum
672 414 769 462 reperisse
781 414 826 449 seri-

33 464 95 507 ptum:
108 480 131 485 -
144 461 226 508 ιλημοσίᾳ
241 460 313 501 ἑστὼς
326 465 436 509 Σίμωνος
446 480 478 497 -,
499 460 597 496 Incertum
611 465 685 507 autem,
702 471 752 508 quae
766 460 826 495 verba

33 517 104 553 graeca
114 510 160 550 post
171 505 206 541 issa
217 507 260 552 ipsa
267 506 369 542 invenerit.
392 503 430 540 Sed
440 508 459 541 et
469 505 576 542 sententiae
586 511 605 541 et
613 507 692 553 linguae
701 506 825 542 satisfactum

34 551 78 595 erit,
91 550 108 585 si
115 551 135 586 in
144 550 234 586 Homiliis
246 553 365 599 reposueris:
379 553 402 592 ἒξ
415 550 473 588 αὐτοῦ
483 554 565 608 μορφῆς.
587 551 639 599 Epit.
647 558 684 588 utr.
693 551 713 588 C.
723 551 782 596 CXL,
790 550 826 586 ubi

33 602 98 632 tamen
110 596 167 631 verba
175 597 261 643 paullum
271 600 315 633 suut
323 601 405 640 mutata,
414 597 502 640 praebet:
514 611 538 637 ως
547 599 566 633 ἐκ
577 596 683 645 προσώπου
692 601 727 635 τοῦ
734 603 825 646 Σίμωνος

33 643 64 678 vel
79 646 172 690 Σίμωνος.
186 643 246 678 —In
263 642 389 690 sequentibus
404 641 455 688 Epir.
469 642 503 678 alt.
518 641 539 679 Ο,
551 642 602 678 CXL
614 655 648 688 pro
665 643 738 685 πάντας
753 642 825 679 habet:

33 686 107 730 πάντες,
118 692 177 732 etpro
186 687 290 736 ἀπήγγελεν
298 687 396 734 idipsum,
408 699 442 733 pro
452 699 489 734 quo
499 688 556 723 etiam
564 688 635 725 Homil.
645 689 718 724 codicis
727 688 824 735 scriptura

34 732 123 780 spondet:
135 731 246 780 ἀπήγγελον,
258 734 296 769 nisi
309 733 362 780 quod
372 734 416 768 inE
431 734 500 769 itomes
510 733 577 769 codiee
586 733 647 770 Paris.
656 738 693 770 est:
702 733 823 782 ἐπήγγελλον.

33 778 99 815 Etiam
111 779 242 825 apographum
254 779 325 815 Homil.
334 779 405 815 codicis
417 745 433 815 g
446 779 560 814 exhibebat:
576 779 651 823 πάντες,
660 780 711 826 quod
720 791 756 826 ego
764 780 825 815 tacite
863 820 865 825 Ι

35 823 116 868 correxi,
126 826 171 870 quia
177 825 301 861 exDresselii
310 825 470 871 interpretatione
476 824 537 860 latina
544 824 638 871 intellexi,
646 826 709 861 videri
717 825 755 872 ipsi
763 825 824 860 haud-

34 881 130 917 quaquam
142 869 170 905 ita
184 882 227 906 esse
242 870 369 906 scribendum.
393 870 437 907 Non
449 873 514 906 tamen
528 870 605 915 dubito,
621 872 667 917 quin
677 873 744 906 tamin
752 871 824 906 Homil.

35 927 91 963 quam
100 915 119 950 in
128 914 180 961 Epir.
189 916 222 951 ait.
229 916 332 963 legendum
342 916 376 951 sit:
384 920 415 953 καὶ
423 916 493 957 πάντες
501 937 523 942 -
529 916 652 963 ἀπήγγελλον.
671 917 698 952 Et
705 916 725 952 in
733 916 824 952 Homiliis

34 961 112 1008 quidem
121 961 225 997 delendum
233 966 263 997 est
270 966 363 1008 punctum
370 967 414 1008 post
421 965 525 1012 μετέθηκεν
535 961 625 997 locatum.
649 960 699 998 Sunt
707 963 758 998 enim
765 962 825 997 verba

34 1006 104 1048 πάντες
115 1005 233 1054 ἀπήγγελλον
245 1008 373 1043 construenda
384 1019 427 1043 eum
445 1009 490 1048 πῶς,
514 1006 586 1043 Contra
600 1007 621 1042 in
633 1008 691 1053 Epir,
705 1007 748 1052 ubi,
763 1018 825 1053 aeque

34 1056 93 1099 atque
99 1052 120 1088 in
126 1052 203 1099 flenti,
211 1057 283 1100 puncto
289 1054 361 1099 majore
367 1053 490 1089 incidendum
498 1057 528 1088 est
534 1058 578 1098 post
584 1053 706 1101 ἀπήγγελλον,
714 1057 759 1089 ante
765 1053 826 1089 verba

34 1101 97 1139 ἐνίους
104 1103 134 1135 καὶ
139 1102 288 1145 χαλεπαίνοντας
295 1099 418 1135 intercidisse
429 1098 507 1134 videtur
517 1099 557 1134 tale
566 1099 621 1145 quid,
634 1100 691 1146 quale
704 1102 742 1134 est:
757 1102 825 1145 συνέβη

35 1146 61 1225 ξε.
82 1142 184 1211 Significat
196 1149 261 1180 autem
272 1144 396 1192 ἀπαγγέλλειν
410 1156 448 1180 non
459 1144 523 1179 minus
538 1156 596 1191 quam
610 1146 732 1192 ἐπαγγέλλειν
746 1148 826 1189 „notum

44 1200 99 1225 acere
115 1218 119 1224 .

80 1236 102 1270 P.
110 1234 203 1282 416,6sq.
220 1246 269 1282 quae
284 1239 329 1270 suut
340 1236 407 1271 verba:
422 1236 455 1270 ἐπὶ
466 1234 499 1280 τὴν
513 1238 595 1279 πλησίον
610 1232 702 1283 ὁρμήσειν
712 1233 827 1280 Ἀντιόχειαν

35 1283 132 1323 ἔσπευσεν,
142 1281 264 1327 reperiuntur
273 1282 331 1316 etiam
339 1280 360 1316 in
367 1284 404 1316 utr.
413 1280 466 1327 Epit.
475 1279 496 1316 C.
505 1279 564 1323 CXL,
572 1280 612 1315 nisi
620 1280 672 1327 quod
681 1280 741 1315 oodex
749 1277 765 1315 Ο
773 1280 826 1326 Epit.

35 1326 90 1362 aiter.
98 1326 171 1361 omittit
179 1327 201 1375 ὁρ
217 1325 275 1373 ήσειν.
299 1326 323 1361 Id
335 1338 394 1373 quum
404 1326 451 1362 ferri
461 1329 546 1372 nequeat
553 1325 666 1361 Dressetius
678 1329 698 1361 et
706 1324 826 1361 Uhlhornius

35 1373 47 1407 l.
57 1384 72 1407 e.
80 1385 98 1418 p.
108 1372 135 1416 31,
145 1372 189 1409 adn.
200 1342 216 1408 ς
225 1373 338 1407 mutandum
350 1375 466 1407 censuerunt
477 1370 506 1406 iu:
521 1370 608 1421 ὁρμῆσαι.
632 1371 685 1407 Fieri
693 1375 758 1407 tamen
766 1371 825 1407 etiam

34 1420 100 1463 potest
114 1421 135 1452 ut
149 1421 211 1453 ortum
227 1417 253 1452 sit
264 1429 287 1453 er
303 1417 405 1465 ὅρμησεν
419 1417 436 1451 h.
446 1428 462 1452 e.
477 1415 585 1465 ὥρμησεν,
610 1417 665 1459 Quod
677 1417 709 1463 qui
722 1416 824 1463 probabile
867 1420 870 1425 ‘

33 1462 159 1510 J'udieaverit,
174 1463 192 1498 ei
204 1463 327 1499 statuendum
339 1463 384 1507 erit⁷
395 1462 456 1498 uerba
468 1462 555 1512 ὥρμησεν
567 1466 587 1499 et
598 1465 692 1500 ἔσπευσεν
709 1464 826 1498 diversarum

36 1520 78 1545 esse
87 1509 227 1555 mensionum,
235 1508 264 1545 ita
271 1515 294 1545 ut
301 1508 413 1545 alterutrum
422 1508 525 1545 delendum
533 1509 564 1544 sit.
