1827 3065
96 151 139 195 258
302 161 681 197 001000000110000000000.

100 262 217 300 0101010011,
228 283 251 288 -
263 261 287 297 V.
295 261 311 295 5.
323 259 423 295 Dresselio
436 259 540 297 lectionem
553 258 661 297 πιστεύεται
674 259 753 296 lectioni
765 267 882 308 πεπίστευται

99 309 244 356 praeferendam
256 317 298 342 esse
310 305 408 352 judicanti
420 305 570 363 01-011011ρο101,
584 308 660 341 tantum
672 306 737 349 abest,
752 308 774 340 ut
786 307 843 343 etiam
851 317 882 352 ng

99 354 206 437 plerfeetum
214 352 302 398 ἥκοσσται
314 362 348 398 pro
356 355 455 397 praesenti
468 351 555 389 ιἰκοσεται
566 351 697 398 reponendum
710 362 752 386 esse
766 362 857 390 censeam.
864 380 882 389 s

134 401 156 436 16
168 398 282 435 Dunckerus
298 400 363 432 monet
391 408 412 433 ro
425 397 526 445 διαφόροις
538 397 659 433 scribendum
672 408 723 433 esse:
742 396 876 447 ἀδιαφόροις

101 456 211 492 comparans
222 442 347 490 Pseudoorig.
390 442 413 478 ef.
425 443 500 480 haeres.
508 444 525 488 1,
534 443 562 487 36,
571 456 588 490 p.
598 443 639 487 258,
650 442 674 478 94
685 443 709 478 ed
717 441 796 477 Miller:
809 437 882 495 ιἰδιιιφιιῘ

101 496 143 538 ριάν
150 494 192 536 βίον
200 502 220 525 τε
228 492 258 524 καὶ
266 488 361 536 γνώσεως,
373 488 407 523 ubi
415 493 532 535 postremum
544 488 658 524 vocabulum
671 491 779 534 corruptum
791 499 833 524 esse
841 493 883 530 arbi.

99 538 160 571 tratur
168 546 201 570 ex:
209 534 301 581 βρώσεως.
315 533 353 569 cfr.
363 534 406 569 adn.
415 536 440 570 ad
448 548 466 582 p.
474 535 514 578 283,
524 535 578 569 12-
586 533 610 569 V.
619 533 641 568 18
649 537 693 580 post
702 535 883 581 συμμεταλαμβάνειι
913 544 914 554 ’

100 579 232 615 intercidisse:
246 581 332 627 δεομένη,
341 582 363 613 01
371 579 462 625 Davisio,
472 580 500 615 sic
508 580 567 616 etiam
574 578 622 614 milri
630 578 651 613 in
659 582 743 615 mentem
751 579 810 614 venit.

144 625 165 660 P.
175 626 203 669 56,
211 624 223 659 3
232 628 320 671 corrupta
328 635 371 660 esse
379 625 447 661 verba:
461 626 470 662 ὁ
483 625 517 671 τὴν
528 625 586 673 ἀρχὴν
595 624 625 660 διά
634 624 656 660 τὸ
665 624 691 672 μὴ
700 627 768 665 ἐξεῖναι
776 626 883 670 θεραπεύειν,

100 669 124 711 ὡς
140 671 218 717 ἑθνιιιην
229 675 321 718 μείνασαν
337 669 472 715 ἐθεράπευσεν,
487 671 508 706 in
522 673 612 717 promptu
620 672 659 715 est3
675 681 714 706 non
726 669 783 714 item,
797 674 883 716 quomodo

100 716 221 752 emendanda
234 715 278 750 sint.
303 715 462 752 Scribendumne:
479 718 509 767 μὴ
522 716 607 756 τἰνύσας
619 719 656 759 (00.
670 715 692 751 τὸ
707 713 830 760 θεραπεύειν)
847 729 883 763 pro:

100 760 206 810 μείνιισσνῗ
217 782 240 786 -
253 761 297 797 V.5
309 761 421 808 recipienda
434 763 474 798 e'rat
488 762 528 798 cod.
541 760 562 797 O.
576 761 678 808 scriptura:
691 759 749 807 Αύτη.
757 782 781 787 -
792 760 816 796 V.
825 762 847 797 10
857 776 883 809 pro

101 809 171 848 παῖδας
178 806 319 854 reponendum:
328 809 386 843 παιδ
391 812 420 849 ιἰι,
428 808 469 852 rel:
478 807 594 856 παιδάρια.

146 853 167 888 Ρ.
177 854 205 897 57,
215 853 225 886 6
235 852 357 888 scribendum
366 864 417 888 esse:
429 854 473 894 Ὡν,
483 865 526 899 pro:
534 853 574 893 Ὡς,
585 853 645 899 primo
655 851 723 887 obtutu
731 851 824 887 intellexi.
840 850 884 891 Illud

101 898 163 944 ipsum
175 897 272 934 invenitus
283 898 305 933 in
316 898 357 934 cod.
367 898 434 933 orient.
443 897 577 934 Tischendorf.
590 901 609 932 et
620 897 641 932 in
649 897 704 932 codd.
712 896 764 942 Epit.
773 897 806 932 Dr.
815 918 838 923 -
849 897 884 936 VS

102 944 156 979 codd.
169 943 302 990 Epitomarum
313 954 348 989 pro
360 948 402 979 τίντι
414 957 434 979 τε
445 943 546 990 praebent:
560 949 592 980 καί
602 947 649 980 τίνιι.
673 942 725 978 Ante
737 942 786 978 haec
798 942 884 982 voeabula

102 989 175 1025 excidit
186 988 265 1025 verbum
277 988 356 1035 aliquod
368 987 444 1024 finitum
456 989 481 1025 ad
496 992 609 1036 antegressa
623 988 727 1035 pertinens.
751 987 825 1023 Forsan
839 988 885 1026 loeus

62 1078 65 1082 .
102 1035 130 1070 ita
142 1034 283 1071 restituendus:
297 1040 349 1074 τίνος
361 1048 380 1070 τε
389 1033 416 1071 ὧν
423 1039 454 1071 καὶ
462 1038 491 1075 τίς
499 1034 562 1072 πόθεν
570 1035 626 1082 ἥκει,
640 1038 682 1070 τίνα
691 1050 709 1070 τε
719 1035 770 1070 ἐστὶν
779 1037 824 1069 0011.
848 1033 884 1071 Pro-

101 1081 158 1116 batur
165 1080 214 1116 haec
224 1080 344 1125 conjectura,
356 1083 379 1114 ut
387 1092 438 1115 nunc
446 1080 509 1127 ipsum
517 1081 583 1125 video,
596 1079 655 1114 simili
665 1079 707 1115 1000
717 1079 750 1125 qui
758 1082 788 1114 001
796 1080 885 1116 10010100-

103 1136 139 1171 que
147 1126 199 1173 Epit.
208 1124 286 1161 dxlv.
300 1125 374 1172 Quippe
381 1125 401 1160 in
407 1125 459 1172 Epit.
465 1126 528 1172 priore
535 1126 627 1173 scriptum
634 1124 714 1172 legitur:
723 1146 746 1151 -—
753 1124 886 1171 ἀναβάλλοντες

103 1172 160 1217 ἦσαν,
169 1177 198 1212 τίς
205 1175 226 1208 τέ
232 1175 269 1219 εἰμι
279 1175 310 1207 καὶ
318 1172 380 1207 πόθεν
389 1171 436 1217 ἥκω,
449 1172 470 1206 in
478 1171 547 1207 altera:
561 1177 589 1213 τίς
598 1185 617 1208 τε
626 1170 653 1207 ιύν
661 1174 692 1206 καὶ
699 1169 761 1208 πόθεν
770 1170 817 1216 ἥκω,
829 1170 885 1207 11010-

104 1228 157 1261 men,
169 1221 192 1252 ut
200 1216 241 1252 cod.
250 1215 271 1251 Ο.
280 1216 394 1263 particulam
406 1222 436 1253 καὶ
448 1217 531 1253 omittat.
551 1216 579 1252 At
590 1216 655 1263 potius
669 1216 791 1251 scribendum
800 1219 850 1252 erat:
863 1221 886 1253 καὶ

105 1268 170 1303 τίνος
179 1262 241 1298 πόθεν
249 1261 321 1308 ἥκοι-
328 1262 352 1298 V.
361 1262 383 1297 13
390 1273 475 1309 propono
483 1263 614 1298 scribendum:
622 1267 653 1298 καὶ
661 1267 775 1307 κρείσσων
783 1262 842 1298 αὐτοῦ
849 1266 886 1297 cett.

105 1307 155 1342 Mira
164 1311 209 1342 sunt
218 1318 266 1353 quae
274 1307 327 1343 edita
334 1308 425 1354 legrmtur
433 1309 453 1344 in
461 1308 512 1353 Epit.
521 1308 589 1354 prioris
600 1306 620 1342 G.
629 1308 692 1345 XXV.
703 1328 726 1333 -—
740 1307 763 1342 V.
772 1308 794 1342 15
803 1318 830 1353 sq.
839 1307 886 1341 codd.

104 1353 156 1399 Epit.
169 1352 203 1388 Dr.
215 1352 297 1388 habent:
312 1358 437 1401 προσηγορίᾳ,
445 1357 467 1389 01
476 1354 497 1389 C.
507 1357 526 1389 et
535 1354 589 1389 codd.
598 1353 650 1400 Epit.
662 1367 698 1401 pr.⁷
709 1363 757 1398 quae
765 1352 826 1388 forma
845 1364 886 1387 000·

104 1398 185 1434 ferenda
190 1398 272 1433 videtur.
285 1398 309 1432 In
316 1400 440 1443 sequentibus
446 1399 499 1445 Epit.
507 1399 586 1435 alterius
594 1399 658 1434 verbis
668 1410 724 1445 supra
731 1410 749 1444 p.
759 1398 798 1442 110,
808 1397 829 1433 G.
848 1397 886 1434 'XV

105 1443 164 1479 editis
175 1456 209 1490 pro
224 1445 255 1488 ζῆν
267 1443 389 1478 scribendum
398 1445 443 1480 erit:
458 1448 506 1487 ζῶν,
520 1448 540 1479 01
551 1447 595 1490 post
610 1447 685 1493 φίλ-οριῖς
697 1443 827 1479 inserendmn:
841 1442 887 1485 ιύστε,
912 1469 914 1471 »

106 1489 157 1534 quod
164 1489 245 1535 praebet
253 1489 304 1535 Epit.
312 1488 369 1534 prior.
390 1489 462 1525 Versus
470 1489 528 1525 finem
537 1489 623 1536 ejusdem
631 1501 672 1536 cap.
681 1491 702 1525 in
712 1492 792 1535 utraque
801 1489 852 1536 Epit.
860 1500 887 1534 pro

107 1534 213 1582 προσλήψει
223 1535 353 1580 reponendum
362 1538 411 1570 erat:
426 1534 529 1584 προλήψει.

123 1597 125 1600 -
151 1579 173 1614 P.
182 1580 210 1623 58,
219 1579 231 1614 4
240 1582 328 1625 corrupta
337 1589 379 1614 esse
387 1580 456 1616 verba:
469 1585 523 1628 μέχρι
533 1579 593 1616 αὐτοῦ
604 1582 639 1616 τοῦ
652 1583 700 1618 Θεοῦ
711 1580 793 1624 ἀσεβεῖν,
806 1590 842 1626 ego
854 1589 888 1624 per-

105 1636 182 1660 suasum
189 1624 257 1660 habeo.
282 1624 408 1660 Scribendurn
418 1626 504 1661 videtur:
537 1626 568 1661 ,ιλ
582 1625 622 1661 τὸν
636 1625 693 1664 Θεὸν
703 1627 719 1663 ιἰ.
744 1625 888 1668 Β1011οιὶσεβελν

105 1685 149 1708 τινιι
160 1674 207 1706 0010
218 1673 254 1705 est.
278 1673 343 1716 Μέχρι
354 1670 413 1707 αὐτοῦ
426 1641 534 1718 signifieall
547 1682 620 1716 „usque
633 1682 665 1713 eo,
678 1671 699 1706 in
710 1673 804 1706 tantum“.
816 1691 840 1696 -
852 1669 889 1706 Vs

107 1715 162 1751 codd.
174 1715 226 1761 Epit.
239 1715 273 1750 Dr.
285 1718 305 1750 et
315 1715 393 1762 plurimi
403 1716 455 1763 Epit.
467 1716 535 1762 prioris
547 1717 624 1752 codices
636 1715 719 1752 habent:
738 1716 765 1753 Τὸ
782 1717 803 1753 δὲ
818 1726 889 1763 παρεισ-

106 1765 169 1798 ελθεῖν
182 1760 317 1801 αὐτὸνείςτὸν
329 1763 361 1806 τῆς
373 1762 581 1809 efformatione.
602 1761 718 1808 Scripturam
726 1766 838 1815 θεοσεβείας,
848 1770 889 1807 quae
909 1790 911 1804 2

105 1807 199 1853 reperitur
210 1806 269 1843 etiam
279 1806 300 1842 in
308 1807 349 1843 cod.
359 1806 386 1850 d,
394 1819 458 1843 veram
467 1818 518 1849 esse,
528 1808 647 1843 demonstrat
655 1811 696 1843 tarn
703 1820 720 1844 v.
729 1808 746 1851 5,
754 1808 788 1843 ubi
794 1806 863 1843 Simon
871 1807 888 1855 τη

107 1857 206 1899 θεοσεβείᾳ
214 1856 327 1900 κεχρημένος
335 1852 414 1898 dicitiu,
424 1865 481 1900 quarn
488 1865 534 1888 usus
542 1853 596 1889 verbi
605 1858 743 1899 παρεισελθεῖν.
766 1853 811 1890 Nou
819 1853 890 1888 obstant

107 1897 155 1941 loci,
165 1897 198 1943 qui
206 1901 250 1932 sunt
258 1910 276 1943 p.
285 1897 313 1940 60,
323 1899 344 1934 16
353 1910 380 1944 sq.
390 1903 409 1934 et
417 1912 435 1946 p.
444 1900 473 1943 62,
483 1900 509 1934 10.
525 1897 590 1935 Aliter
595 1900 705 1945 judicatum
714 1902 743 1934 est
751 1898 772 1934 in
780 1900 845 1934 adnot.
853 1898 863 1932 2
871 1895 890 1932 ad

107 1942 236 1989 Epitprioris
245 1942 265 1978 C.
275 1942 348 1980 XXVI.
358 1965 381 1970 —
394 1945 418 1981 V.
426 1945 449 1980 16
458 1945 545 1991 speciose
553 1944 668 1981 Drurckerus
677 1948 752 1989 monet,
760 1956 794 1991 pro
803 1947 836 1989 τῆς
844 1940 891 1987 σελή-

108 2003 145 2034 νης,
155 1988 195 2034 visci
204 1988 308 2034 legendum
317 2000 368 2025 esse:
378 1992 410 2034 τῆς
419 1990 495 2036 σελήνης
502 1990 519 2035 ἡ,
531 1990 567 2025 Est
576 2002 598 2027 ea
606 1990 683 2026 Davisii
692 1991 808 2035 conjectura,
817 1998 891 2025 comme-

107 2037 181 2070 morata
192 2046 204 2070 a
215 2034 315 2070 Dresselio
325 2034 389 2070 adnot.
399 2036 409 2070 3
418 2036 443 2070 ad
450 2035 502 2081 Epit.
511 2036 591 2072 alterius
605 2035 707 2072 CXXVI.
723 2035 773 2071 Mihi
783 2036 804 2070 in
814 2037 891 2070 mentem

106 2083 196 2124 venerat,
206 2079 298 2126 seriptum
306 2079 375 2115 fuisse:
389 2080 414 2116 τά
422 2084 455 2127 τῆς
463 2081 547 2127 σελήνης,
560 2093 609 2128 quae
619 2082 678 2118 dictio
687 2082 738 2117 idem
747 2080 857 2129 significare
864 2090 891 2126 po·

107 2129 147 2161 test
155 2129 213 2172 atque
222 2125 233 2171 η
242 2125 315 2171 σελήνη.

153 2172 174 2207 P.
182 2173 211 2217 61,
220 2172 230 2205 1
238 2182 299 2217 aeque
310 2175 369 2219 atque
381 2171 402 2206 in
415 2170 522 2208 CXXVII
532 2171 584 2218 Epit.
596 2172 675 2207 alterius
687 2172 799 2208 Dresselius
811 2171 891 2218 recipere

108 2217 193 2253 debebat
204 2217 326 2263 scripturam:
340 2216 390 2253 πολὺ
406 2222 471 2259 ιανείς,
481 2217 559 2253 etiama
571 2217 685 2263 quibusdam
696 2218 748 2264 Epit.
759 2231 787 2265 pr.
800 2216 892 2254 codicibus

108 2263 202 2306 oblatam,
211 2263 250 2297 vid.
259 2263 323 2298 adnot.
332 2263 343 2298 5
352 2233 436 2308 01111011.
445 2275 472 2309 pr.
482 2261 502 2297 O.
510 2262 593 2300 XXVII.
601 2284 624 2288 —
638 2264 661 2300 V.
670 2266 681 2299 3
690 2275 730 2311 sqq.
740 2264 795 2300 codd.
803 2263 854 2310 Epit.
863 2262 892 2297 Dr.

108 2308 181 2344 habent
192 2309 252 2352 idem,
265 2311 316 2355 quod
329 2308 383 2345 codd.
396 2308 416 2344 d.
430 2313 450 2344 et
462 2307 488 2343 O:
502 2309 526 2349 ὡς
537 2309 593 2351 αὐτὸς
601 2310 629 2346 ἔτι
637 2310 661 2350 ὡς
670 2314 725 2358 φίλος
734 2314 796 2359 φίλοις
804 2312 892 2356 ἐξέφανεν.

108 2354 162 2396 (1000
167 2354 225 2390 verba
230 2365 287 2400 quum
293 2358 382 2401 corrupta
388 2366 430 2390 esse
439 2354 559 2400 intelligeret
567 2354 709 2403 Scluveglerus,
718 2355 744 2392 dr
753 2359 806 2404 ηίλος
815 2354 893 2390 scriben·
910 2380 914 2392 ,.

109 2400 153 2449 dum
162 2411 204 2435 esse
213 2400 306 2436 censebat
314 2412 337 2436 ex
345 2401 396 2446 Epit.
405 2413 432 2447 pr.
442 2399 462 2436 G.
471 2399 558 2436 XXVII:
572 2401 596 2442 ὡς
607 2401 663 2442 αὐτὸς
675 2403 702 2437 ἔτι
715 2405 778 2450 φίλοις
789 2399 844 2438 οὖσιν
853 2400 893 2449 ὑμῖν

60 2453 64 2458 ’
109 2451 139 2482 οἱα
146 2450 202 2493 φίλος
210 2447 303 2492 ἐξέφανεν.
328 2446 366 2482 Sed
374 2447 451 2482 omnino
460 2457 503 2481 non·
507 2447 577 2493 liquet,
590 2447 683 2493 quomodo
692 2448 728 2482 illa
736 2449 848 2494 conjectura
856 2453 894 2489 capt

108 2491 171 2537 possit
179 2490 241 2538 erbis
250 2491 319 2527 verbis.
342 2491 410 2527 Potius
420 2492 468 2528 duce
477 2492 528 2538 Epit.
536 2505 563 2539 pr.
571 2494 701 2539 reponendum
711 2493 756 2528 erit:
769 2494 794 2534 ὠς
805 2491 861 2532 αὐτὸς
871 2492 893 2526 ἔτι

109 2541 191 2584 φίλοις
199 2540 267 2574 odora
275 2537 299 2578 ὠς
307 2553 319 2585 η
324 2542 363 2577 ίλος
372 2540 466 2586 ἐξέφηνεν.
477 2559 501 2564 —
512 2538 535 2574 V.
544 2539 555 2573 6
563 2538 584 2574 in
596 2538 637 2573 cod.
646 2537 667 2573 Ο.
676 2540 727 2586 Epit.
736 2538 769 2573 Dr.
778 2538 871 2585 reperitur
878 2537 894 2571 ἐν
913 2546 914 2549 ’

108 2585 154 2618 0010
162 2585 254 2627 ἐνδοτίρῳ
264 2588 314 2629 οἴκῳ,
325 2595 381 2629 quam
390 2595 426 2631 ego
434 2583 537 2631 genuinam
546 2595 588 2620 esse
596 2585 709 2630 scripturam
715 2584 801 2620 arbitror.
817 2583 894 2620 Videtur
912 2623 914 2625 .

108 2632 172 2664 autern
181 2628 285 2664 secundum
293 2630 344 2676 Epit.
352 2629 434 2674 priorem
443 2629 564 2665 scribendum
576 2641 628 2666 esse:
642 2632 665 2666 ἓν
676 2645 721 2668 τινι
730 2632 768 2666 ao.
777 2635 812 2666 οίκ.
820 2651 844 2656 —
852 2626 894 2664 Sub·

108 2673 153 2709 inde
166 2674 187 2709 in
197 2678 278 2720 utraque
288 2675 340 2721 Epit.
350 2675 420 2710 desunt
430 2675 495 2720 verba,
504 2687 553 2722 qnae
561 2676 653 2723 leguntur
660 2677 695 2711 ul
705 2686 745 2721 sqq.
751 2675 797 2711 inde
804 2687 815 2711 a
821 2674 894 2724 φάσκων

109 2730 169 2765 usque
180 2720 205 2755 ad
217 2719 248 2756 dui
260 2721 351 2767 ἀσεβείας,
362 2733 380 2766 p.
389 2721 417 2765 62,
426 2722 442 2757 3.
466 2721 482 2756 Ε
495 2721 564 2767 quibus
575 2721 639 2757 verbis
651 2720 761 2757 hominibus
770 2721 833 2757 doctis
841 2718 895 2755 mole-

111 2764 158 2799 stias
167 2769 279 2802 creaverunt
288 2778 319 2810 ea,
329 2770 429 2812 quaesunt
437 2779 454 2802 v.
461 2766 472 2801 9
479 2778 526 2812 sqq„
534 2765 895 2813 00ρο1011000111111110101011001010,
911 2768 914 2784 ³

110 2809 122 2842 l.
132 2820 155 2853 0.,
164 2822 182 2856 p.
191 2811 230 2855 282,
240 2811 283 2846 adn.
294 2813 310 2856 1,
320 2811 359 2858 qni,
369 2812 431 2847 sinon
441 2823 473 2854 00,
486 2823 534 2856 quae
545 2823 591 2847 vera
603 2814 655 2856 sunt,
668 2815 689 2847 at
697 2816 762 2848 tamen
771 2813 842 2848 similia
849 2807 895 2846 veris

110 2853 293 2900 videturinvenisse,
301 2868 414 2902 quamquam
419 2856 517 2900 nonvidit,
524 2868 558 2902 pro
564 2858 757 2902 udiciareponendum
763 2869 814 2893 esse:
824 2856 895 2902 πήξας’
