1827 3065
326 124 431 159 urrronm
442 125 540 158 larnai.
787 115 829 158 213

40 230 115 268 beatum
126 220 255 269 praedicavit,
268 225 348 258 vocatus
361 226 380 259 et
394 224 468 260 electus
481 227 501 259 et
513 223 612 260 convictor
624 226 643 259 et
653 234 726 269 comes3
736 223 798 261 honus
807 238 830 263 ac

1 304 3 313 ἱ
40 272 128 324 probatus
137 267 254 313 discipulus,
263 267 296 313 qui
304 268 412 304 occidentis
419 270 548 305 obscuriorem
554 269 621 304 mundi
626 269 712 316 plagam,
718 273 740 305 ut
746 272 830 307 omnium

3 337 5 339 ι
40 316 99 364 magis
108 314 200 356 idoneus,
215 312 312 348 illustrare
325 318 440 360 praeceptus
449 318 508 351 est-
523 316 557 351 sed
566 326 665 362 quousque
674 326 780 351 sermonem
788 329 830 363 pro-

40 363 101 404 traho,
116 358 184 406 nolens
199 357 309 404 siguificare
324 359 374 404 quod
387 360 443 396 triste
456 364 494 404 est,
509 361 559 406 quod
573 360 694 404 necessario,
710 361 758 396 licet
768 363 830 408 tarde,

41 406 113 446 omnino
123 403 186 438 dicere
194 414 225 438 me
234 402 350 449 oportet?—
361 403 394 439 hic
404 405 446 484 ipse
454 405 478 441 ob
487 406 599 442 immensam
608 418 655 453 erga
665 405 753 442 homines
763 408 831 444 carita·

5 483 7 485 ,
40 460 76 491 tem
89 450 140 486 clare
153 451 173 483 et
184 448 259 494 palam,
273 452 394 496 repugnante
416 451 456 486 icet
467 451 518 487 malo
533 453 597 488 seculo
612 452 696 487 futurum
708 452 781 488 bonum
794 454 831 489 toti

40 496 106 537 mundo
115 494 204 529 indicans
211 493 295 541 Regem,
308 494 407 540 hucusque
419 496 498 531 Romam
509 497 598 542 veniens,
612 501 631 533 et
643 497 687 534 Deo
713 498 773 534 lacita
787 499 831 535 doc-

4 569 7 572 ,
41 544 89 582 trina
97 540 175 576 salvans
183 539 277 583 homiues,
286 540 334 586 ipsis
343 539 417 585 diebus,
427 542 495 587 quibus
503 542 608 579 violentam
617 543 680 579 subire
703 544 775 580 ebebat
782 556 831 581 mor·

41 596 85 668 temi
93 585 217 666 conglregtatis
223 585 316 621 fratribus
325 585 390 621 subito
399 586 518 633 apprehensa
526 600 583 624 manu
590 601 633 625 mea
639 601 758 637 consurgens
767 602 831 627 coram

1 654 2 657 =
29 637 77 672 Ecc
86 643 127 668 esra
149 643 195 666 un:

3 745 5 747 q
84 698 171 735 CXLVI.
194 696 267 734 Audite
281 710 321 744 me,
337 698 405 735 fratres
417 703 437 735 et
451 701 548 736 conservI:
569 701 671 747 Quoniam,
687 702 738 738 sicut
750 704 830 741 edoctus

4 748 7 757 ⁵
42 759 79 785 snm
91 745 161 790 abeo,
176 744 209 791 qui
220 744 273 779 misit
284 756 323 789 me,
337 745 412 781 domino
425 749 444 781 et
454 746 547 792 magistro
558 748 603 783 Iesu
612 747 699 793 Christo,
712 749 754 784 dies
762 751 830 786 mortis

3 796 7 831 ζ
41 803 91 830 meae
100 790 264 836 appropinquant,
278 789 397 826 Clementem
405 790 456 826 hunc
465 794 575 838 episcopum
583 793 637 829 vobis
646 794 719 839 ordino,
729 795 760 829 cui
767 807 830 831 meam

43 848 146 874 sermonum
155 835 266 871 cathedram
275 835 342 880 credo,
356 836 388 882 qui
399 836 446 871 mihi
455 837 479 873 ab
488 838 544 873 initio
555 850 616 884 usque
625 839 649 874 ad
659 839 718 875 finem
726 851 790 876 comes
800 853 831 877 cx-

5 885 7 927 }
42 883 99 927 stitit,
113 881 178 927 sicque
187 892 253 916 omnes
263 892 358 917 sermones
366 893 419 917 meos
428 883 511 927 audIvit,
523 884 555 929 qui
563 884 583 919 in
592 884 680 920 omnibus
688 886 831 922 tentatIonibus

41 929 85 966 meis
94 926 191 973 particeps
199 926 220 961 in
228 925 266 962 fide
275 938 399 973 perseverans
407 928 497 964 inventus
506 932 544 973 cst,
557 940 613 976 quem
620 930 664 976 plus
673 931 755 966 caeteris
764 943 830 978 exper-

5 981 8 983 “
42 980 69 1011 tus
82 985 122 1008 sum
135 972 257 1020 religiosum,
266 975 414 1019 temperantem,
426 973 537 1018 humanum,
545 975 625 1019 bonum,
635 976 739 1020 eruditum,
749 981 830 1022 castum,

3 1022 7 1039 ²
42 1022 115 1064 iustum,
123 1019 229 1064 patientem
239 1021 259 1053 ct
268 1018 361 1054 scientem
369 1019 445 1055 fortiter
450 1019 500 1056 ferre
508 1021 642 1056 nonnullorum
651 1021 831 1058 catechumenorum

6 1071 8 1098 3
42 1067 135 1112 ingratum
144 1063 233 1099 antinum.
254 1063 348 1105 Quocirca
355 1064 394 1110 ipsi
404 1065 459 1100 trado
468 1065 544 1113 ligandi
553 1069 572 1101 et
581 1066 669 1101 solvendi
676 1070 800 1112 potestatem,
809 1071 831 1103 ut

1 1127 6 1156 q
42 1110 164 1157 quodcunque
179 1108 199 1143 in
212 1109 268 1144 terris
281 1108 406 1154 ordinaverit,
422 1110 447 1145 sit
459 1110 558 1146 decretum
569 1110 590 1145 in
602 1111 667 1145 caelis.
690 1110 772 1157 Ligabit
781 1113 832 1147 enim

2 1158 6 1169 ²
42 1155 90 1202 quod
101 1154 159 1202 ligari
172 1157 257 1200 oportet,
270 1158 290 1189 et
303 1154 365 1190 solvet
377 1155 428 1201 quod
436 1159 512 1202 oportet
521 1155 580 1199 solvi,
589 1158 680 1201 tanquam
689 1157 722 1202 qui
730 1156 832 1192 Ecclesiae

5 1201 9 1241 Ῐ
41 1201 125 1248 regulam
133 1199 214 1235 noverit.
237 1199 303 1246 Ipsum
316 1211 361 1247 ergo
373 1201 479 1244 audite,ut
488 1201 572 1236 scientes
581 1201 638 1246 quod,
647 1201 680 1247 qui
689 1202 833 1237 contristaverit

0 1247 8 1290 J
42 1246 127 1282 veritatis
135 1244 252 1292 praesidem,
265 1248 334 1291 peccat
345 1246 366 1281 in
377 1244 483 1290 Christum,
496 1250 516 1281 et
527 1245 658 1281 universorum
669 1246 747 1281 Patrem
757 1246 831 1283 irritat:

5 1301 8 1315 ³
42 1294 154 1338 quapropter
162 1302 201 1325 non
211 1290 269 1325 vivet.
294 1289 396 1326 Caeterum
406 1291 469 1337 ipsum
475 1291 588 1371 praesidem
600 1295 676 1338 oportet
686 1291 757 1327 medici
769 1293 833 1328 locum

41 1341 110 1380 tencre,
119 1348 159 1372 non
167 1339 232 1371 autem
240 1335 292 1371 ferae
300 1335 376 1371 bestiae
385 1335 468 1372 imorem
490 1336 553 1372 abere.

2 1427 7 1443 ;
85 1403 184 1439 CXLVII.
207 1403 262 1439 Haec
273 1403 307 1439 illo
322 1403 399 1439 dicente
408 1415 444 1451 ego
453 1405 555 1451 procidens
563 1404 656 1450 rogabam
664 1416 716 1449 eum,
729 1405 832 1442 cathedrae

41 1449 129 1485 honorem
137 1453 157 1484 et
165 1452 283 1495 potestatem
292 1449 403 1495 deprecans.
426 1449 454 1485 At
466 1449 500 1486 ille
511 1450 620 1496 respondit:
633 1450 677 1486 Hac
689 1451 713 1486 de
724 1462 745 1486 re
754 1452 795 1487 noli
802 1463 833 1487 me

41 1506 102 1530 orare:
111 1494 148 1530 hoc
157 1494 208 1529 enim
216 1493 259 1529 fieri
266 1493 314 1528 mihi
322 1497 416 1530 statutum
424 1499 460 1539 est,
471 1494 570 1541 quiahaec
577 1495 668 1531 cathedra
674 1508 713 1531 uon
719 1508 767 1543 opus
773 1496 833 1533 habet

3 1544 7 1580 ζ
41 1540 140 1575 temerario
154 1539 234 1575 sedendi
246 1539 267 1574 in
279 1550 311 1583 ea,
323 1540 358 1575 sed
368 1540 409 1576 viro
420 1540 504 1577 moribus
517 1545 584 1576 sancto
596 1544 616 1577 et
629 1541 736 1577 doctrinam
745 1541 833 1578 discendi

41 1585 114 1631 cupido.
137 1584 175 1619 Ast
189 1585 214 1620 da
226 1584 273 1619 mihi
287 1586 456 1631 praestantiorem,
471 1587 504 1632 qui
517 1586 561 1632 plus
576 1590 596 1621 te
609 1598 684 1621 mecum
697 1587 832 1633 peregrinatus

41 1630 97 1665 fuerit
107 1634 126 1665 et
135 1641 231 1665 sermones
239 1641 292 1665 meos
300 1630 386 1665 audierit
397 1642 420 1666 ac
428 1631 529 1666 Ecclesiae
540 1631 726 1666 administrationem
735 1632 831 1676 didicerit,

42 1679 106 1711 etnon
118 1687 185 1722 cogam
196 1678 217 1710 te
228 1675 327 1710 nolentem
337 1675 387 1710 bene
398 1687 461 1722 agere.
485 1675 524 1711 Sed
537 1687 576 1711 non
588 1678 660 1722 poteris
672 1688 723 1711 nunc
734 1676 833 1712 meliorem

3 1747 7 1763 ,ι
42 1732 95 1767 quam
104 1724 154 1756 tues
164 1719 259 1756 exhibere.
272 1720 304 1754 Tu
311 1731 392 1766 namque
400 1721 451 1756 inter
460 1732 498 1764 eos,
509 1721 541 1767 qui
549 1732 583 1766 per
591 1732 621 1756 me
630 1721 751 1768 exgentibus
760 1722 832 1758 servati

42 1765 169 1810 sunt,locum
177 1765 291 1817 optimarum
302 1765 429 1811 primitiarum
441 1766 522 1801 obtines.
547 1766 586 1802 Sed
597 1770 617 1802 et
628 1767 682 1802 aliud
692 1770 769 1812 reputa:
782 1768 833 1813 quod

2 1830 7 1854 ..5
42 1811 57 1845 si
64 1811 141 1857 peceati
152 1810 259 1857 periculum
266 1813 354 1845 metuens
367 1811 469 1846 Ecclesiae
478 1811 638 1858 gubernationem
647 1823 687 1847 non
695 1812 784 1858 suscipis,
794 1823 833 1848 cer-

3 1880 7 1901 ,3
41 1860 70 1891 tus
80 1860 121 1892 esto
131 1860 151 1891 te
159 1855 241 1901 amplius
250 1866 340 1901 peccare,
353 1856 386 1901 qui
394 1868 437 1891 cum
445 1856 508 1902 possis
516 1856 556 1891 Dei
564 1856 671 1892 cultoribus
679 1857 733 1892 velut
741 1858 834 1904 navigan-

41 1902 92 1937 tibus
101 1907 121 1937 et
131 1900 287 1947 periclitantibus
296 1912 414 1945 succurrere,
426 1901 447 1935 id
455 1901 519 1937 facere
527 1913 612 1946 recusas,
621 1902 673 1948 quo'd
680 1906 734 1938 tuum
743 1906 773 1937 est
782 1904 834 1937 dum-

1 1972 6 1992 ,
41 1950 94 1982 taxat
103 1946 232 1990 considerans,
243 1949 263 1981 et
270 1957 309 1981 non
318 1946 369 1991 quod
377 1947 398 1981 in
407 1958 506 1982 commune
514 1947 602 1983 omnibus
612 1948 695 1994 expedit.
708 1947 764 1989 Quod
770 1951 834 1983 autem

3 2003 6 2038 ς
42 1992 146 2037 periculum
156 1991 232 2027 omnino
244 1990 341 2037 suscipere
349 1994 369 2027 te
378 1995 454 2039 oportet
462 2003 492 2027 mc
501 1992 522 2027 id
530 1993 651 2028 incessanter
658 1996 739 2041 rogante
747 1993 768 2027 in
776 2004 833 2028 cunc-

4 2041 7 2073 2²
41 2041 102 2072 torum
112 2037 225 2081 subsidium,
234 2036 306 2083 optime
314 2037 391 2072 novisti.
405 2037 480 2080 Quanto
489 2049 536 2085 ergo
545 2038 602 2073 citius
611 2037 658 2072 mihi
667 2049 757 2074 assensus
766 2037 832 2083 fueris,

2 2089 5 2130 J
41 2085 94 2119 tanto
103 2094 134 2118 me
142 2082 224 2117 tristitia
233 2081 313 2117 levabis.
663 2106 665 2109 -

1 2172 7 2184 2
87 2149 195 2186 CXLVIII
219 2149 270 2186 Novi
278 2152 343 2185 autem
351 2149 411 2185 etiam
418 2150 466 2196 ipse,
476 2161 487 2185 o
496 2149 592 2192 Clemens,
600 2148 700 2184 molestias
710 2152 730 2184 et
737 2161 833 2185 maerores

43 2198 62 2229 et
69 2196 155 2242 pericula
164 2199 184 2231 et
191 2195 261 2241 probra
270 2195 294 2230 ab
302 2195 400 2230 inerudita
407 2195 465 2241 plebe
473 2195 511 2230 tibi
518 2198 607 2238 ventura3
619 2205 668 2240 quae
676 2194 753 2230 fortiter
761 2195 834 2241 poteris

3 2386 7 2410 ς
43 2363 60 2411 9)
68 2368 95 2401 Ita
101 2367 169 2407 etRuf,
179 2366 220 2400 Cod.
226 2367 268 2408 Reg.
275 2362 347 2399 8040111.
356 2365 424 2404 αἰῶνος
488 2366 527 2411 Cap.
537 2367 623 2400 CXLVII.
637 2363 655 2411 1)
663 2364 715 2405 ἀξίαι
723 2368 744 2400 V.
753 2386 776 2391 —
783 2364 802 2411 2)
810 2380 835 2414 με

44 2422 80 2445 curn
90 2415 123 2457 Ep.
135 2413 186 2446 Clem.
194 2410 320 2454 Hom-10)
336 2411 424 2445 Consentit
452 2408 835 2458 pipinv.etMon.—-3)aatrnrirpprtillor

3 2456 8 2483 ἶ
44 2457 95 2500 Mon,
105 2456 237 2505 siepyedeIcO.
453 2457 469 2489 εἰ
483 2456 566 2503 παραιτῇ
580 2457 657 2498 adiungit
670 2458 703 2500 Ep.
718 2457 769 2491 Clem.
782 2458 834 2490 Hom.

4 2500 8 2533 ἶ
452 2494 834 2547 c.3.—4)‘rtvro'yovV.-5)1050.-

3 2550 8 2586 ,ἶ
77 2549 117 2592 Cap.
129 2548 206 2581 CXLVI.
230 2545 424 2592 1)τοῦτέλουςοοὺ
453 2545 469 2589 6)
479 2544 504 2584 ὠς
512 2544 598 2590 V.—7)
609 2543 686 2584 πάντως
696 2547 834 2580 decano,-

44 2592 89 2626 Mon.
103 2612 125 2617 —-
139 2590 156 2632 2)
167 2589 215 2626 οὕτω
224 2593 244 2625 0.
253 2593 323 2624 etIIon.
337 2610 360 2615 —
374 2589 391 2631 3)
400 2588 425 2629 ὥς
453 2589 469 2633 8)
481 2592 529 2637 ἐμοῦ
540 2591 597 2626 τοῦτο
608 2590 672 2629 ἀξιοῦν
683 2588 709 2638 μὴ
723 2594 835 2638 παυομένου

5 2646 7 2682 j
45 2637 95 2670 V.-
107 2636 126 2679 4)
134 2651 173 2683 μου
181 2638 253 2671 deestin
262 2638 284 2677 03
296 2638 342 2670 Mon.
352 2649 392 2693 por.
401 2655 425 2660 —-
453 2639 486 2681 Ep.
495 2638 606 2670 crem-Hom.
618 2655 641 2659 -
654 2634 672 2678 9)
685 2636 785 2670 ἐπίστασαι
795 2649 835 2671 con-

6 2724 8 2726 *
45 2679 62 2726 5)
70 2684 109 2717 Ord.
117 2685 152 2717 inv.
160 2680 305 2730 φιλάνθρωπον,
315 2679 377 2727 ἄγνον,
388 2694 424 2715 πο-
454 2683 520 2716 cinnius
531 2684 577 2721 Rus,
589 2682 619 2724 qui
628 2682 681 2714 vertit
692 2687 745 2714 certos
754 2688 787 2715 esto
796 2685 835 2727 (Ep.

5 2749 8 2751 —
45 2727 124 2773 λυμαθῆ,
135 2726 232 2774 σώφρονα,
243 2725 317 2773 ἀγαθὸν
328 2729 342 2761 0
354 2732 371 2762 et
378 2728 425 2761 Mon.
455 2729 507 2762 Clem.
515 2728 622 2760 adlacobum
630 2737 644 2759 c.
653 2724 680 2771 3);
692 2726 795 2772 ἐπίσταμαι
804 2730 835 2762 OV

3 2784 6 2806 ῑ
43 2771 161 2814 —b'Jlith
453 2784 491 2806 cum
499 2770 835 2816 utroqueHom.Cod.-10)d¹cor10.
