1827 3065
190 119 220 151 rn
232 119 365 152 annuntius
373 120 429 153 nori.
439 120 502 157 curn
510 120 562 152 run.
571 119 692 152 norimus.
794 110 836 152 279

0 252 1 260 ,
46 225 150 273 φαίνουσιν,
159 218 183 258 ὡς
192 216 201 254 ὁ
211 216 267 262 ἥλιος,
276 216 304 259 οἷς
312 219 391 266 λύχνους
401 219 454 269 ὑμεῖς
461 219 539 263 iurem
551 220 587 270 μή,
601 218 666 268 ὥσπερ
678 219 701 257 τὰ
713 222 761 265 νέφη
772 219 837 260 ὑετοὺς

0 261 1 271 ’
60 272 105 315 ε’ρει,
116 267 146 300 καὶ
157 263 212 300 αὐτοὶ
220 267 286 312 φέρειν
294 263 377 311 ὄμβρους
385 265 482 309 δύνανται,
496 269 515 302 οἱ
522 268 570 315 μηδὲ
579 264 658 306 ἑαυτοὺς
666 271 725 302 κινεῖν
734 263 835 316 δυνάμενοι

46 316 88 351 cett.
105 308 137 344 An
146 309 176 344 his
186 310 233 345 loeis
247 310 343 346 excidisse
355 312 475 356 putabimus:
491 315 510 348 οἱ
520 317 563 349 θεοὶ
575 312 629 360 ὑμῶν
642 311 685 353 infr.
697 323 715 357 p.
723 311 763 353 221,
774 310 808 357 14),
817 315 837 346 et

45 359 105 409 priore
115 355 192 402 quidem
205 355 248 390 loco
261 359 306 401 post
319 359 416 398 ποιοῦσιν,
432 358 494 393 altero
508 369 551 394 vero
559 362 606 405 post
614 356 734 395 διοικοῦσινῖ)
745 356 837 393 Profecto

45 404 97 447 inde,
112 401 164 455 quod
176 402 269 454 seriptum
281 403 385 454 reperitur:
401 404 517 446 διοικοῦσιν,
528 416 575 440 non:
590 405 692 445 διοικοῦσι,
703 404 838 450 conjecturam

47 459 113 496 capere
126 459 169 494 quis
180 450 252 494 possit,
268 458 353 493 proxime
368 452 455 483 secutum
468 461 511 485 esse
524 450 641 486 vocabulum
650 462 661 486 a
670 449 734 485 vocali
743 449 800 485 litera
808 449 838 483 in-

47 496 122 543 cipiens
146 493 173 529 At
187 504 264 537 vereor,
278 504 303 528 ne
314 492 363 528 illud
374 505 442 539 parum
453 493 528 530 firmum
540 497 566 531 sit
575 499 716 543 argumentum¹
740 495 768 532 Ut
782 495 836 531 brevi

47 544 107 579 dicam
118 540 170 586 quod
177 539 249 583 sentio,
258 538 333 574 videtur
341 542 424 586 utroque
432 540 476 576 loco
486 542 588 577 statuenda
597 554 640 578 esse
649 541 776 586 constructio,
783 552 837 588 quae

47 589 124 625 vocatur
132 586 158 621 ad
171 596 255 633 sensum.
279 583 371 620 Similiter
382 584 471 631 judicare
482 585 528 622 lieet
540 588 564 623 de
579 588 632 633 loeo,
645 588 697 623 unde
712 588 751 623 orsi
764 598 838 632 sumus,

47 643 161 682 quamquam
177 643 213 678 ego
231 631 362 676 ampliandum
380 642 422 666 esse
436 642 515 676 censeo,
529 644 588 680 quum
603 634 718 679 praesertim
735 636 837 680 appareat,

47 690 100 725 qnam
110 676 167 712 facile
174 679 264 726 δαίμονες
271 676 322 711 inter
330 676 393 712 vicina
399 678 493 713 vocabula
500 679 520 714 δὲ
528 684 547 713 et
552 679 615 726 μόνον
621 679 710 715 excidere
717 678 808 727 potuerit,
813 698 837 704 —-

47 726 134 762 Ceterum
145 734 224 769 prorsus
234 721 343 767 superfluae
352 726 397 757 sunt
410 723 533 769 conjecturae
546 724 672 771 Schuegleri,
683 737 721 771 pro
730 724 836 762 ἔνιδόντων

47 770 149 818 legendum
157 780 200 804 esse
209 768 316 804 censentis:
331 767 426 809 ἐπόντων,
441 772 461 803 et
473 771 588 818 ἐπιθεμένου
604 782 638 817 pro
649 771 779 820 ιἰνιιθ-εμένου,
792 782 838 806 nam

46 819 168 856 ιἰνιιτίνεσθιιι
177 826 215 849 non
225 825 270 849 sane
279 813 377 861 significat
385 813 494 860 „differre“,
502 819 524 849 ut
531 816 668 861 interpretatus
679 821 709 852 est
718 814 835 860 Goteierius,

47 863 80 899 sed
95 861 206 907 „suscipere
219 861 238 895 in
247 862 285 905 sc“,
299 860 332 895 eir.
345 859 407 906 Toup.
419 860 501 896 Emend.
512 861 531 896 in
541 859 686 907 scrutantr.
710 862 806 909 Denique,
815 867 838 897 ut

47 910 103 945 etiam
112 907 135 942 de
144 905 183 942 hoc
191 917 285 950 moneam,
294 917 333 941 non
341 905 403 951 video,
412 918 447 941 our
454 905 565 943 Dresselius
574 912 614 943 tam
621 907 653 943 hio
663 919 721 954 quam
729 909 749 943 in
756 918 836 955 sequen-

47 955 97 991 tibus
107 952 201 997 spreverit
209 951 291 987 formam
297 954 348 1000 pite,
357 963 413 999 quam
422 950 487 988 codO
496 953 579 998 praebet
586 965 621 999 pro
632 956 692 1000 δμοὲς,
698 954 751 1000 quod
759 964 838 999 semper

47 1001 144 1036 exaratum
153 1002 183 1032 est
192 998 210 1032 in
220 997 262 1033 cod.
272 995 292 1041 C,
302 1003 389 1043 excepto,
398 997 476 1033 sirecte
485 999 568 1044 memini,
577 1011 615 1034 uno
624 1000 676 1043 loco,
688 1000 721 1045 qui
731 1004 761 1035 est
769 1011 788 1045 p.
796 998 837 1041 154,

47 1046 73 1089 15,
88 1042 105 1079 si
116 1042 165 1079 fides
177 1042 268 1078 habenda
280 1046 310 1078 est
318 1042 421 1079 Ootelerio.
444 1042 514 1090 Neque
522 1055 567 1080 vero
577 1044 614 1079 sibi
623 1045 711 1079 constitit
718 1044 838 1089 Dresselius,

48 1091 79 1138 qui
86 1101 125 1125 non
134 1088 196 1125 solum
205 1089 242 1124 hoc
254 1089 297 1125 loco
306 1090 340 1123 sed
350 1090 408 1124 etiam
416 1090 437 1124 in
444 1090 535 1125 universa
543 1089 672 1125 Homiliarum
681 1094 737 1134 parte
746 1100 779 1134 ea,
787 1100 839 1137 qnae

47 1147 96 1173 nora
103 1136 188 1171 accessit
196 1146 219 1170 ex
228 1134 270 1170 eod.
279 1133 301 1180 Ο,
310 1135 403 1170 intactam
411 1134 512 1182 reliquerit
520 1134 603 1171 formam
608 1138 662 1181 χθές.

90 1182 112 1216 Ρ.
121 1181 161 1224 211,
170 1182 179 1216 7
188 1180 236 1216 nihil
245 1180 362 1216 mutandum
374 1180 483 1225 Imperator
492 1179 563 1215 dicitur
570 1181 638 1215 mundi
646 1179 752 1226 imaginem
759 1180 840 1216 referre.

47 1249 68 1254 -
75 1227 99 1264 V.
108 1227 130 1263 15
140 1239 183 1275 sqq.
194 1227 222 1261 sic
234 1227 334 1272 scriptum:
350 1225 399 1262 οὕτω
407 1229 438 1263 καὶ
450 1225 472 1262 τὸ
480 1231 536 1264 θεῖον
544 1225 599 1273 ἅγιον
607 1228 685 1273 πνεῦμα
688 1230 757 1275 χαίρει,
766 1225 796 1262 ότι
805 1225 841 1262 τὸν

47 1272 129 1311 θάνατον
140 1277 235 1318 νενίκηκιν
248 1270 359 1318 ἄνθρωπος·
375 1271 397 1308 τό
410 1271 445 1319 γὰρ
460 1272 552 1319 δαίμονας
565 1270 680 1319 φυγαδεύειν
692 1275 720 1313 εἰς
733 1270 767 1317 τὴν
781 1270 840 1308 trior

48 1324 97 1356 ἴασιν
104 1324 181 1366 γίνεται,
191 1319 248 1354 ταῦτα
257 1319 277 1353 δὲ
286 1321 373 1364 λέγομεν,
382 1316 417 1363 οὐχ
425 1316 450 1357 ὠς
457 1315 571 1365 ιἰρνοόμενοι
582 1317 604 1353 τὸ
611 1316 638 1364 μὴ
645 1319 687 1353 δεῖν
692 1316 840 1364 ἅλλοιςβοηδεῐν

48 1369 91 1400 cett.
115 1363 183 1399 Nonne
198 1375 232 1408 pro
248 1362 305 1401 iiiior
317 1363 401 1408 positum
416 1365 466 1397 erat:
481 1360 622 1410 ἀνθρώπουῗ
641 1362 713 1399 Notum
725 1367 755 1398 est
767 1368 839 1406 autem,

48 1422 113 1446 vocem
121 1408 223 1454 ἄνθρωπος
232 1408 307 1453 concipi
316 1409 393 1443 solitam
402 1418 445 1443 esse
454 1406 491 1443 hoo
500 1409 569 1454 signo:
578 1422 629 1449 τινος.

92 1455 113 1491 P.
121 1455 161 1497 212,
170 1455 180 1490 7
190 1455 248 1490 verbu
257 1453 300 1495 τοὺς
308 1453 334 1503 μὴ
345 1455 386 1499 Θεῷ
394 1456 544 1502 προσκειμένους
552 1453 619 1501 ὅρκους
625 1453 672 1489 mire
679 1453 841 1499 interpretantur:

48 1500 91 1547 „qui
100 1502 123 1536 ad
132 1501 194 1535 Deum
203 1512 241 1535 non
250 1500 337 1535 referunt
346 1498 494 1546 adjurationem.
513 1498 595 1535 Videtur
604 1499 740 1545 corrigendum
750 1511 801 1535 esse:
811 1500 823 1535 δ
828 1499 839 1535 ι’

48 1546 117 1594 ὅρκους,
128 1557 180 1590 „eoa
190 1545 221 1591 qui
232 1546 274 1581 Deo
284 1557 304 1581 se
312 1557 350 1580 non
361 1545 477 1580 dediderunt
484 1545 553 1590 fugere
563 1546 654 1581 simulant
665 1548 746 1591 propter
756 1545 841 1581 exorcis·
884 1561 886 1564 ·

48 1595 106 1627 mos“.
130 1591 246 1626 Exercismis
259 1591 323 1636 fugari
336 1592 440 1626 daemones
457 1591 595 1636 credebantur,
611 1591 647 1625 vid.
661 1601 677 1625 e.
690 1603 708 1637 g.
724 1590 839 1625 Tertrrtlian.

49 1636 90 1674 Cor.
100 1638 138 1674 mii.
148 1638 175 1672 11,
189 1635 228 1671 Cn.
237 1637 296 1671 rerba
305 1637 370 1680 paullo
379 1647 437 1680 supra
446 1648 463 1680 p.
472 1636 512 1678 211,
522 1635 544 1670 18
553 1640 573 1670 et
579 1647 598 1680 p,
606 1635 646 1680 212,
656 1636 663 1669 1
672 1636 747 1680 positu:
757 1636 797 1672 ἔσθ’
807 1635 839 1672 ὅτε

49 1685 70 1720 δέ
76 1697 128 1723 τινας
136 1682 219 1729 ἀνόμους
227 1681 296 1726 ἄνδρας
303 1684 392 1728 δαίμονες
400 1679 491 1729 φεύγουσι
501 1682 513 1715 δ
517 1680 532 1715 ιἱ
543 1680 604 1728 ὄνομα
613 1684 682 1728 τίμιον.
692 1700 714 1706 -
722 1680 744 1715 V.
754 1680 778 1715 14
786 1682 838 1716 codi-

48 1730 74 1763 cis
84 1728 99 1763 0
109 1728 213 1772 scriptura:
222 1726 345 1768 interritam,
353 1730 431 1771 recepta
438 1726 491 1761 nulla
499 1737 547 1771 opus
555 1729 608 1761 esset
614 1726 721 1761 mutatione
726 1726 838 1761 verborum:

49 1774 69 1810 τὸ
78 1773 125 1810 ὅσον
134 1773 222 1813 δύνασθε,
232 1771 248 1806 si
257 1772 342 1818 genuina
354 1782 397 1806 esse
405 1774 472 1816 posset
481 1770 562 1806 locutio:
578 1770 599 1807 τὸ
611 1770 658 1808 ὅσον
670 1771 697 1806 ἐπ’
708 1771 773 1812 αὐτοῖς
780 1774 840 1814 ἐστιν,

49 1831 97 1867 quae
106 1818 201 1865 reperitur
209 1818 261 1852 infra
269 1829 287 1862 p.
295 1817 335 1862 277,
343 1818 360 1862 5,
371 1816 435 1852 adhuc
447 1827 470 1851 ea
481 1815 555 1851 intaeta
564 1816 638 1852 relicta
664 1816 707 1858 Quo
717 1817 741 1851 de
750 1817 839 1864 equidem

49 1876 106 1911 quum
116 1863 208 1907 dubitem,
218 1862 261 1907 hoc,
270 1863 293 1897 de
300 1874 338 1908 quo
345 1863 385 1908 J'am
392 1861 461 1918 agitur,
471 1861 514 1897 loeo
524 1862 649 1897 scribendum
657 1873 753 1907 propono:
763 1862 839 1905 τόσον,

49 1911 96 1947 ὅσον
107 1908 199 1951 δύναιτο-ε,
209 1911 242 1944 ἰπὶ
253 1909 275 1944 τὸ
284 1912 355 1945 τέλειον
363 1909 394 1953 τῆς
402 1911 475 1954 cyrolae
484 1906 561 1948 ἑαυτοὺς
575 1906 702 1950 ἐπιδιδόντες,
717 1908 804 1955 quamvis
813 1909 840 1944 in·

49 1956 146 2002 teiligens,
154 1955 212 1991 etiam
220 1954 277 1990 aliter
286 1953 356 1999 corrigi
364 1965 428 2000 posse.

93 2003 115 2038 P.
127 2000 166 2047 215,
181 2000 204 2035 10
220 1999 296 2035 minime
312 1998 442 2035 necessarium
458 2002 500 2033 erat
515 2002 589 2033 mutare
609 1998 697 2033 codicum
714 1998 841 2044 scripturam:

51 2047 87 2084 1·πῖ
103 2069 127 2074 -
142 2047 164 2083 Vv
175 2047 197 2082 17
209 2046 281 2081 nudum
294 2045 379 2081 dativum
390 2043 472 2094 ἁμαρτίᾳ
483 2043 530 2079 ferri
542 2055 580 2079 non
592 2055 658 2089 posse,
673 2048 727 2079 recte
736 2044 841 2091 judicabat

51 2091 191 2140 Schueglerus.

93 2140 114 2175 P.
124 2139 163 2183 216,
172 2139 183 2174 6
192 2150 219 2184 sq.
229 2137 302 2173 editum
311 2139 349 2173 est:
360 2135 435 2183 ἀλόγοις
445 2134 497 2178 ζώοις
507 2134 582 2171 ἐοικότα
594 2133 699 2180 πράξαντες
709 2137 728 2171 ἔν,
736 2137 770 2180 τῆς
780 2138 848 2184 multip*

51 2183 115 2235 [ὑμῶν]
126 2184 159 2231 τὴν
168 2183 272 2232 ἀνθρώπου
282 2182 345 2229 ψυχὴν
352 2182 465 2219 ἀπωλέσατε.
489 2180 610 2226 Praepositio
621 2182 640 2217 ἒν
649 2179 773 2227 Schwegiero
783 2183 842 2219 debe-

50 2237 88 2275 tur,
103 2241 208 2277 pronomen
224 2229 276 2277 ὑμῶυ
287 2228 392 2264 Dresselio.
416 2226 519 2273 Repeiitur
532 2230 596 2261 autem
607 2225 627 2261 in
637 2226 678 2261 cod.
691 2227 707 2262 Ο
719 2227 789 2263 lacuna
797 2232 842 2274 post

50 2277 164 2313 vocabulum
173 2276 240 2323 ψυχῆς,
264 2274 290 2310 Ar
299 2275 341 2321 quis
351 2285 389 2308 non
400 2273 475 2315 videat,
487 2271 521 2306 ilia
533 2271 608 2308 medela
620 2271 730 2309 sententiae
741 2272 842 2320 haudqua-

51 2334 107 2369 quam
118 2334 161 2359 esse
173 2320 294 2358 consultum?
313 2319 334 2356 Si
347 2330 412 2353 rernm
425 2324 455 2353 est
468 2317 541 2354 ἐοικότα
553 2316 670 2353 aCotelerio
678 2319 798 2364 propositum
806 2331 841 2365 pro

51 2370 127 2412 ἒοίκιιτι,
144 2369 196 2415 quod
214 2367 272 2402 etiam
288 2365 309 2401 in
323 2366 365 2401 eod.
379 2364 394 2399 Ο
409 2364 502 2409 reperitur
515 2384 536 2390 —
553 2368 621 2410 estque
634 2375 657 2399 ea
669 2365 782 2411 eonJeetnra
794 2376 841 2401 sane

51 2426 107 2461 quam
122 2412 268 2461 probabitis—,
282 2415 327 2458 post
343 2412 404 2459 ψυχῆς
418 2410 494 2445 videtur
511 2409 576 2455 potius
591 2409 687 2446 excidisse
701 2410 781 2445 verbum
795 2411 842 2457 tale,

52 2462 116 2506 quale:
126 2459 206 2505 πλάνη.
256 2476 258 2478 ·
429 2500 431 2503 ,
542 2497 558 2507 .,

41 2504 43 2508 “
96 2506 117 2542 Ρ.
126 2506 165 2548 217,
175 2506 228 2550 ipro
238 2506 254 2541 εἰ
262 2502 297 2551 γὰρ
305 2503 428 2538 scribendum
438 2504 479 2536 erat
488 2505 531 2535 aut:
539 2500 599 2548 ἠῑγὲιρ,
609 2505 644 2536 aut
652 2499 663 2545 ἢ
671 2500 712 2548 γὰρ,
723 2501 778 2537 Prius
786 2501 842 2546 illud,

51 2562 88 2586 non
97 2552 179 2588 alterum
187 2551 230 2594 hoc,
239 2554 261 2585 ut
268 2548 343 2585 rettulit
350 2546 466 2591 Dresselius,
476 2547 618 2581 commendavit
625 2545 764 2593 Sohwcgifflus.
780 2548 843 2584 Nobis

51 2599 112 2645 magis
121 2598 186 2642 placet
195 2594 206 2641 ἢ
213 2595 253 2643 γὰρ,
263 2595 315 2641 quod
324 2594 408 2629 habetur
417 2591 474 2628 etiam
482 2604 500 2638 p.
509 2591 548 2635 245,
557 2592 585 2627 19.
599 2613 622 2618 -
636 2592 659 2628 V.
672 2592 694 2627 13
705 2593 724 2628 in
740 2593 804 2630 verbis
813 2600 844 2632 καὶ

53 2645 109 2680 ταῦτα
117 2642 149 2681 ἐὰν
154 2641 245 2689 νρόσεαῆ
255 2640 333 2688 ἀργύρια
343 2643 386 2675 cett.
396 2642 440 2674 ante
450 2637 460 2683 ἢ
468 2637 576 2674 intercidit:
585 2637 601 2688 ᾗ.
868 2648 870 2652 ’

96 2690 117 2726 Ρ.
126 2681 166 2733 2182
176 2691 186 2725 1
195 2700 223 2735 sq.
231 2688 280 2723 haee
288 2686 362 2732 recepit
370 2684 487 2721 Dresselius:
500 2685 544 2721 οὐδὲ
554 2683 589 2731 γὰρ
598 2683 653 2729 νεκρὰ
662 2683 708 2721 αὐτὰ
716 2688 777 2733 λέγειν
786 2685 845 2724 δόνα-

53 2748 94 2778 μιιι,
110 2735 133 2772 τὰ
140 2737 237 2785 μηδέποτε
247 2732 335 2779 ζήσαντα,
346 2732 397 2772 ἐκτὸς
409 2735 425 2768 εἰ
436 2730 462 2777 μὴ
471 2729 528 2778 τόσοι
540 2730 623 2778 ἀρχαίων
630 2730 740 2777 ἀνθρώπων
749 2736 803 2770 εἰσίν.
818 2733 846 2769 At

54 2790 114 2818 sermo
125 2786 154 2817 est
167 2781 191 2816 de
200 2780 318 2821 simulacris,
331 2778 397 2827 qualia
405 2778 442 2813 ooli
452 2777 541 2814 solebant
551 2788 563 2812 a
572 2777 660 2823 paganis,
679 2777 789 2824 Praeterea,
799 2790 845 2826 quo·

53 2828 109 2863 modo
119 2828 208 2873 sepulcra
216 2826 260 2873 ipsa
268 2825 306 2861 dici
316 2828 398 2872 possunt
406 2836 445 2860 non
454 2821 542 2859 mortuo?
553 2822 607 2868 Jam,
617 2834 675 2870 quum
684 2823 729 2861 libri
739 2836 794 2860 mser.
802 2837 846 2872 por-
