1827 3065
379 121 484 154 EPITOME
496 122 572 156 PRIOR.

134 949 241 987 CXLVIII.
257 950 312 987 Haeo
320 951 386 998 itaque
395 955 424 987 est
432 951 490 997 plena
498 952 589 987 caelestis
598 953 672 998 gratiae
680 952 733 988 Petri
739 952 877 1000 Apostolorum

88 995 179 1048 principis
193 996 369 1043 peregrinationum
383 997 476 1042 narratio,
491 1008 540 1042 quae
554 997 610 1033 simul
625 1003 645 1035 et
659 999 820 1045 compendiariam
834 998 876 1034 eius

89 1042 194 1078 doctrinam
203 1043 300 1087 continet,
312 1046 332 1078 et
339 1043 405 1090 magni
412 1042 557 1089 admirandique
566 1042 672 1079 Clementis
680 1044 741 1078 vitam
751 1044 806 1079 velut
817 1044 838 1078 in
848 1047 877 1079 ta-

88 1088 133 1124 bula
142 1088 227 1124 oratione
240 1088 338 1140 exprimit,
351 1088 510 1135 quemadmodum
521 1089 563 1134 ipse
575 1088 600 1123 ad
610 1089 702 1125 Iacobum
712 1088 791 1124 fratrem
798 1089 878 1124 Domini

89 1133 174 1170 scribens
188 1133 288 1169 indicavit.
310 1134 369 1169 Porro
384 1134 483 1170 ardentem
497 1132 603 1169 Clementis
620 1145 667 1181 erga
681 1133 744 1169 Dcrmr
760 1145 844 1169 amorem
859 1138 879 1169 et

89 1190 177 1226 magnum
190 1179 245 1214 illuni
255 1191 289 1225 pro
299 1180 373 1226 pletate
385 1180 448 1215 uelum
459 1178 557 1215 declarare
568 1185 649 1225 possunt
658 1191 691 1223 ea,
703 1190 752 1225 quae
762 1179 815 1215 dicta
824 1183 878 1224 suut,

88 1224 200 1306 praesertum
211 1228 276 1261 autem
286 1224 420 1261 manifestabit
433 1224 516 1261 omnium
528 1224 650 1271 apertissime
665 1225 706 1272 ipse
720 1236 756 1272 per
767 1224 879 1271 martyrium

103 1282 133 1305 ms
141 1282 160 1304 vr
171 1281 199 1306 ae.

135 1314 222 1351 CXLIX.
247 1316 325 1352 Tertius
339 1316 390 1351 euim
401 1319 446 1364 post
459 1327 550 1363 magnum
560 1316 639 1352 Petrum
653 1316 674 1352 in
690 1316 767 1352 exoelso
781 1316 879 1353 Romanae

90 1362 183 1398 ecelesiae
194 1362 262 1398 throno
274 1363 343 1398 sedens
355 1362 455 1408 ipsumque
466 1361 544 1398 virtutis
559 1366 656 1399 ce1tamen
668 1361 776 1408 suscipiens
790 1361 880 1409 magistri

89 1407 177 1454 vestigiis
186 1408 296 1453 insistebat,
305 1408 470 1454 apostolicamque
477 1407 584 1444 doctrinam
591 1408 633 1455 ipse
640 1419 715 1456 qnoque
734 1407 850 1452 raeferebat,
859 1412 880 1444 et

89 1453 184 1489 similibus
194 1454 278 1490 moribus
291 1454 409 1500 effulgebat,
421 1466 460 1496 non
471 1452 587 1490 Christianis
603 1454 702 1490 dumtaxat
713 1420 802 1500 piscans,
814 1465 879 1489 verum

89 1499 147 1535 etiam
155 1500 233 1536 ludaeis
242 1512 265 1535 ac
273 1500 321 1548 ipsis
331 1500 442 1536 Gentilibus
451 1504 471 1535 et
480 1500 568 1536 omnibus
575 1500 715 1544 omniafaetus,
724 1504 746 1536 ut
752 1504 772 1536 et
778 1499 807 1535 sie
814 1511 879 1536 omnes

88 1545 210 1581 lucrifaceret
221 1545 335 1593 Christoque
347 1549 481 1593 praesentaret
492 1557 515 1582 ac
526 1557 583 1582 verae
594 1546 686 1594 religioni
700 1549 837 1583 connecteret„
852 1544 880 1582 Ut

89 1594 152 1626 autem
163 1591 202 1627 ista
213 1603 251 1627 non
261 1592 364 1628 videantur
375 1603 417 1628 esse
428 1592 480 1628 nuda
491 1595 567 1627 tantum
578 1593 671 1638 suspieIo,
684 1591 743 1628 etiam
751 1603 819 1628 causas
829 1591 879 1627 diee-

88 1648 134 1672 mus,
154 1636 243 1673 Ethnieis
252 1637 303 1673 enim
311 1638 354 1673 ideo
366 1638 486 1674 venerationi
494 1641 544 1682 erat,
553 1649 576 1673 ao
584 1638 604 1672 in
613 1649 655 1673 eum
664 1641 748 1672 mentem
756 1637 841 1672 libenter
849 1636 879 1672 illi

88 1682 225 1727 intendebant,
240 1684 329 1729 quoniam
343 1695 382 1719 nen
396 1695 429 1719 eos
444 1683 536 1719 convitiis
549 1683 658 1728 insectans,
670 1694 707 1718 nec
720 1686 831 1726 aversatus,
844 1682 879 1718 sed

89 1728 144 1774 quasi
151 1729 246 1765 rationem
256 1729 339 1765 reddens
350 1733 370 1764 et
381 1729 466 1774 undique
476 1728 589 1764 testimonia
598 1740 621 1764 ex
632 1740 697 1765 eorum
704 1727 760 1763 libris
769 1739 792 1764 ae
801 1727 879 1774 scriptis

89 1774 186 1809 adducens
195 1774 246 1809 clare
255 1774 379 1819 ostendebat,
389 1773 440 1810 unde
449 1777 469 1810 et
476 1774 604 1820 prodiissent,
617 1774 651 1856 {ui
660 1774 684 1810 ab
693 1773 733 1808 illis
742 1777 834 1827 putantur
845 1774 880 1819 dii,

88 1823 107 1855 et
122 1819 156 1855 ubi
166 1819 208 1855 nati
219 1819 311 1864 fuissent,
328 1831 376 1866 quae
393 1820 509 1867 gessissent,
527 1831 584 1866 quem
594 1819 620 1855 ha
633 1820 709 1855 nissent
722 1822 804 1864 emtum,
820 1823 880 1866 utque

87 1865 155 1900 misere
162 1865 222 1901 vitam
228 1865 344 1901 amisissent.
360 1865 437 1902 Deinde
445 1877 483 1901 uon
492 1866 520 1901 eis
529 1878 541 1901 a
548 1866 592 1901 Deo
601 1865 726 1901 interclusam
732 1876 774 1901 esse
780 1865 880 1912 poeniten-

87 1911 127 1946 tiae
135 1910 196 1956 viam,
207 1922 243 1947 nee
252 1911 366 1948 omnimodis
375 1913 438 1947 salute
447 1911 552 1956 excidisse,
564 1911 600 1946 sed
610 1911 627 1947 si
638 1912 671 1947 rel
679 1912 740 1947 solum
752 1910 797 1947 illos
805 1911 881 1948 videret

89 1955 151 1991 redire
160 1962 180 1992 et
189 1969 200 1993 a
207 1956 291 2010 pristina
298 1956 407 2004 perditione
416 1969 439 1993 ac
447 1956 515 1993 fraude
523 1957 624 2001 resedere,
633 1957 709 1993 veniam
717 1956 766 2003 ipsis
774 1968 818 1992 eum
826 1957 880 1994 datu-

88 2013 129 2037 rum
139 2000 248 2039 humanrter
259 2006 279 2038 et
289 2003 375 2050 benigne
387 2007 520 2050 suscepturum
534 2015 557 2040 ac
569 2006 679 2050 paratmum
689 2014 770 2050 regnum
784 2003 881 2039 caelorum

89 2047 144 2083 bonis
158 2060 183 2084 uc
192 2049 305 2085 donaturum
314 2048 453 2085 ineffabilibus.

135 2092 149 2129 G
169 2123 173 2130 .
189 2094 267 2130 Iudaeis
275 2106 349 2131 rursum
357 2094 402 2131 inde
411 2099 487 2143 gratum
493 2093 557 2131 facere
565 2094 673 2138 videbatur,
682 2093 733 2139 quod
741 2097 806 2140 patres
815 2104 880 2130 eorum

89 2137 127 2174 Dei
135 2140 207 2176 amieos
216 2140 277 2176 fuisse
286 2140 406 2186 ostenderet,
419 2140 508 2187 quodque
518 2141 582 2188 legem
594 2151 658 2175 eorum
667 2150 740 2175 sacram
749 2150 792 2175 esse
801 2139 881 2176 doeeret

89 2195 111 2219 oc
120 2185 215 2231 divinam,
229 2197 266 2222 nec
278 2198 320 2223 eam
332 2186 447 2231 desimam,
459 2197 495 2222 nec
507 2197 570 2222 eonrm
581 2185 673 2232 populum
683 2184 799 2221 translatum
807 2185 837 2230 iri,
846 2186 881 2222 sed

90 2313 178 2393 left
187 2312 300 2394 ‘'mo‘'‘iffl
314 2316 469 2394 ropapatrppp
498 2313 881 2393 ttfttttlitllltlttt⁵tit¹¹¹ll¹⁵

88 2370 470 2440 latininab'esaiiitaisi’riiusioiniisenviinii
498 2404 528 2438 lib.
537 2370 553 2437 d.
562 2415 598 2448 cap.
606 2400 633 2438 18.
646 2384 727 2438 Ceteruni>
733 2405 761 2437 hic
767 2405 824 2438 notari
831 2372 881 2440 datii

90 2448 189 2493 Clementis,
197 2456 236 2496 post
243 2451 392 2485 Pseudo-Abdiarn
400 2455 417 2485 et
425 2450 470 2495 opud
498 2450 561 2493 triplex
571 2449 623 2483 lectio
635 2451 706 2494 τρίτος,
720 2446 815 2493 δεύτερος,
826 2451 880 2498 πρῶ-

89 2494 212 2530 Momlnitium.
233 2498 338 2530 Memorntur
345 2500 401 2529 autern
410 2507 419 2528 a
427 2497 469 2529 ere·
499 2507 531 2534 τος
543 2495 626 2538 originem
637 2495 700 2528 dirceus
712 2506 722 2527 a
735 2495 806 2528 diversis
819 2497 881 2531 exseri-

89 2541 137 2580 gorio
144 2542 366 2576 TuronensiMirnoulorum
374 2542 424 2576 lib.l‚
433 2552 469 2585 cap.
498 2545 566 2584 ptorum
578 2541 674 2582 sententiis,
687 2551 728 2582 quos
740 2540 792 2573 retuli
803 2541 824 2574 ad
837 2542 881 2576 (lon-

89 2582 112 2618 35
120 2589 136 2619 et
147 2589 242 2633 excerpimr
251 2600 282 2633 per
293 2588 390 2622 Frecnlfum
400 2592 439 2621 toni.
452 2586 469 2620 2.
498 2587 552 2620 stitnt.
560 2586 637 2630 Apostol.
646 2586 676 2629 lib.
682 2583 697 2618 7.
706 2596 743 2629 cap.
749 2583 777 2619 46.
784 2605 808 2612 -
815 2584 834 2632 2)
843 2585 880 2634 μό-

90 2630 119 2664 lih.
133 2631 149 2666 2.
166 2644 202 2679 rap.
217 2633 243 2668 10.
263 2644 282 2666 ae
295 2645 326 2678 per
339 2634 469 2677 Martyrologos.
498 2642 539 2671 νοις
546 2628 624 2672 B.—3)
634 2631 690 2677 orites
697 2631 742 2665 BGD
751 2636 768 2666 et
776 2633 798 2667 al.
807 2644 834 2678 ap.
843 2634 880 2669 (lot.

80 2676 182 2712 rIolrnnnem
206 2691 272 2724 quoque
295 2680 389 2713 Diaconum
413 2679 469 2711 seculo
499 2678 533 2711 eft.
541 2678 555 2711 Ι.
568 2678 604 2711 Gor.
615 2674 631 2718 9,
642 2674 666 2709 20
677 2687 714 2720 sqq.
729 2695 753 2702 —-
767 2675 786 2723 4)
800 2679 837 2727 μὲν
848 2690 880 2714 om.

90 2733 134 2756 nono
148 2726 236 2770 scripsisse
247 2729 295 2768 gesta
309 2726 399 2759 Clementis
414 2727 470 2769 Papae
499 2726 518 2759 B.
527 2743 549 2748 -
557 2721 576 2768 5)
585 2722 686 2758 ἐπέλθοιεν
694 2724 713 2757 G.

90 2767 197 2809 legimnsin
214 2772 304 2813 Sigeberto
319 2772 340 2805 de
355 2771 469 2816 Scriptoribus

89 2813 215 2851 Ecclesiastieis
227 2828 263 2862 cup.
275 2815 314 2859 107,
326 2828 396 2860 eumque
407 2818 469 2850 librum
533 2816 573 2859 Gap.
585 2815 619 2848 GL.
639 2812 655 2856 l)
668 2813 763 2861 ἀπέφαινε
774 2817 819 2851 BOD
832 2821 849 2851 et
860 2819 881 2852 al.

90 2858 138 2894 aiunt
151 2865 215 2896 exstare
227 2863 245 2896 in
257 2863 345 2898 (lesinensi
358 2863 469 2897 Bibliotheca.
499 2872 525 2907 ap.
534 2862 571 2895 Oet.
580 2857 630 2906 -2)
638 2862 669 2895 καὶ
676 2861 737 2895 inserit
745 2862 763 2895 G.
771 2880 794 2886 -
805 2859 824 2908 3)
834 2861 882 2908 πρὸς
