1827 3065
312 112 417 146 nrrronn
428 113 525 147 narrar.
772 100 815 143 205

30 229 82 261 ,mum
94 225 136 251 esse
146 212 211 247 Deum
225 215 304 247 asserat.
329 211 430 248 Caeterum
441 213 474 259 qui
483 212 580 260 promittit
588 211 756 259 reprehensionem
764 221 815 246 asse·

30 264 84 308 ,entis
98 270 157 295 unum
169 257 242 300 Deum,
256 255 273 290 is
284 268 330 293 vera
344 258 424 303 loquens
436 270 475 294 non
487 259 539 294 idem
550 257 640 294 affirmat.
665 256 686 292 Si
700 256 751 291 enim
759 254 816 292 'idem

31 310 98 351 diceret
106 316 149 340 cum
159 313 191 346 eo,
203 301 236 347 qui
245 302 338 338 ementita
346 303 438 348 loquitrn,
450 304 491 349 ipse
512 316 575 350 noque
584 307 636 339 esset
645 301 736 338 mendax:
746 301 815 337 sivero

1 351 2 354 ’
31 351 120 396 contraria
128 349 192 383 dicere
201 357 222 382 se
231 347 322 391 ostendit,
331 351 377 383 tunc
383 359 439 383 verus
448 352 483 384 est.
514 361 539 384 on
548 361 593 397 ergo
601 352 654 385 recte
662 347 816 394 praedicatorem

30 401 80 440 unius
89 395 127 432 Dei
138 404 181 429 esse
191 392 304 427 mendacem
312 393 436 439 pronuncias,
449 394 487 429 nisi
495 395 544 430 forte
552 396 624 430 multos
633 395 680 430 deos
689 404 732 428 esse
742 404 815 428 censes.

1 441 3 454 ³
30 442 85 491 Atqui
95 440 166 475 multos
180 438 226 473 deos
238 449 280 473 esse
293 449 329 485 ego
341 449 416 484 quoqne
428 438 463 474 aio.
487 439 542 475 Idem
550 441 618 487 igitur,
628 439 714 486 quodtu,
724 442 769 473 ante
778 438 816 472 dis-

32 486 155 538 captationem
167 483 219 526 dico,
235 487 255 518 et
266 495 300 529 pro
312 487 332 518 te
343 484 408 530 potius
421 496 462 519 sum
470 489 580 530 occupatus.
604 485 667 528 Quare
675 496 714 520 non
723 483 783 519 debes
793 483 816 518 de
837 498 841 504 ·

31 548 57 575 me
65 542 106 569 csse
115 529 189 573 anxius,
198 528 233 563 sed
240 528 316 572 Petrus,
325 530 370 575 quia
378 528 441 564 adhuc
449 533 515 565 contra
523 534 581 575 atque
589 531 623 566 ille
630 530 698 567 sentio.
710 529 817 575 Propterea

31 582 70 631 post
78 574 229 622 disputationem
236 577 320 609 vestram
329 584 393 620 spero,
406 574 457 620 quod
464 576 505 610 veri
514 576 610 611 studiosus
618 576 676 612 index
685 576 774 621 deposita
783 586 816 610 an-

32 622 140 670 ticipatione
148 619 268 666 praevalenti
277 630 403 654 consensurus
413 619 449 654 sim
457 620 544 655 orationi.
556 620 610 656 Haec
617 625 721 667 cumpater
727 620 815 663 dixisset,

1 681 3 683 ’
33 668 97 745 sensinlr
105 666 177 701 clamor
185 664 263 711 quidam
271 664 388 700 laudationis
397 676 409 700 a
416 666 487 711 populo
496 669 572 701 exortus
581 670 616 711 est,
626 666 716 713 qnoniam
723 666 752 701 ita
759 669 816 712 pater

61 717 79 749 et
95 714 168 746 ocutus.

33 727 59 753 ess
72 754 183 792 CXXXIII.
205 753 263 789 Porro
271 754 340 790 Petrus
350 766 404 789 suam
412 755 435 790 de
443 754 486 790 Deo
496 756 611 791 sententiam
619 756 713 803 exposuit,
723 756 816 801 pluraque

33 809 53 843 de
67 800 176 838 monarchia
189 800 300 846 prolocutus
315 812 358 835 cum
373 800 457 835 lacrimis
471 812 529 836 manu
545 801 647 837 advocavit
662 801 816 844 multitudinem,

33 861 75 899 quae
84 859 126 882 curn
135 846 260 889 accessisset,
268 845 357 887 manibus
366 845 462 892 impositis
471 850 490 882 et
497 846 587 893 precibus
595 846 653 883 factis
663 850 743 882 cunctos
752 846 816 881 admo-

32 895 77 937 nuit,
95 902 198 937 omnesque
215 890 259 926 Deo
276 891 414 927 benediximus.
437 891 490 927 Intro
506 895 571 927 autem
586 892 640 927 irruit
656 892 727 937 aliquis
744 890 817 927 Simoni

33 942 102 977 dicens:
116 936 193 983 Appion
200 936 318 972 Plistonices
330 948 373 972 cum
380 935 496 972 Annubione
507 937 562 972 modo
573 938 627 972 venit
636 936 746 972 Antiochia.
771 936 817 978 Qui-

32 988 63 1023 bus
71 982 141 1018 auditis
153 981 219 1018 Simon
230 981 286 1026 exiit,
298 985 320 1017 ut
332 993 364 1018 eos
377 982 478 1029 exciperet.
503 981 576 1023 Quibus
587 982 659 1017 auditis
670 985 726 1027 pater
738 982 816 1028 gavisus

4 1043 6 1070 1
32 1033 84 1068 Petro
96 1027 154 1062 dixit:
171 1026 192 1063 Si
203 1026 250 1062 mihi
261 1028 366 1073 permittis,
379 1038 415 1074 ego
427 1038 501 1073 quoque
513 1027 545 1062 ibo
557 1027 662 1063 salutatum
672 1026 782 1072 Appionem
797 1029 817 1062 et

32 1073 170 1117 hanubionem,
186 1072 256 1118 quippe
268 1072 301 1118 qui
315 1084 327 1108 a
342 1072 403 1119 prima
414 1076 479 1108 aetate
492 1072 565 1107 fuerint
578 1072 626 1106 mihi
639 1072 702 1107 amici.
725 1070 818 1106 Fortasse

1 1159 3 1163 .
34 1121 86 1157 etiam
96 1117 209 1153 Annubioni
219 1117 348 1163 persuadebo,
359 1121 381 1152 ut
393 1117 416 1153 de
428 1117 501 1153 Genesi
513 1129 556 1152 oum
564 1116 664 1151 Clemente
677 1116 769 1161 disputet.
792 1116 818 1150 Et

3 1201 4 1204 ,
28 1167 95 1202 Petrus
103 1163 203 1206 Permitto,
212 1162 281 1208 inquit,
290 1166 310 1198 et
317 1163 381 1206 laudo,
390 1163 448 1198 amici
455 1162 520 1198 officio
527 1165 547 1197 te
553 1162 605 1196 velle
612 1159 730 1196 satisfacere.
739 1159 818 1196 Verum-

4 1236 6 1238 *
32 1216 92 1247 tamen
103 1208 150 1243 mihi
164 1209 237 1255 cogita,
250 1220 286 1254 quo
298 1208 354 1244 modo
366 1208 471 1243 secundum
481 1206 521 1243 Dei
531 1206 673 1253 providentiam
680 1205 765 1250 undique
775 1218 819 1241 con·
878 1208 881 1212 ’

3 1268 4 1271 ’
33 1257 112 1297 currant,
126 1265 174 1299 quae
186 1253 211 1289 acl
218 1254 275 1299 plene
284 1253 393 1289 faciendam
400 1253 438 1288 tibi
449 1252 507 1288 fidem
518 1251 616 1298 pertinent
624 1256 690 1297 aptum
698 1251 819 1297 perficientia

1 1303 2 1307 ’
33 1302 147 1337 concentum.
170 1298 213 1334 Hoc
222 1302 286 1334 autem
295 1299 335 1333 dixi
343 1296 550 1344 propterAnnubionis
561 1297 665 1332 adventum
676 1296 713 1331 tibi
722 1308 819 1332 cnmusns

1 1360 6 1394 ss.
33 1346 66 1425 fudl
77 1344 215 1391 obtingentem.
238 1343 264 1378 Et
275 1347 331 1390 pater
343 1343 400 1379 dixit:
415 1342 464 1379 Rem
475 1343 504 1379 ita
515 1353 557 1378 sese
568 1342 640 1378 habere
652 1344 672 1378 et
684 1353 721 1389 ego
731 1341 818 1389 profecto

5 1422 6 1425 ,
33 1403 50 1426 vr
64 1401 90 1425 ec.

75 1434 182 1471 CXXXIV.
207 1433 280 1476 Quibus
290 1435 348 1471 dictis
357 1434 382 1470 ad
391 1434 486 1471 Simonem
494 1433 593 1482 profectus
603 1439 638 1472 est.
658 1434 746 1471 Inventis
755 1438 820 1472 autern

32 1480 116 1527 Appione
126 1483 145 1515 et
152 1478 269 1515 Annubione
280 1491 303 1516 ac
314 1477 404 1516 salutatis
417 1481 510 1516 consedit.
533 1480 599 1517 Simon
610 1493 655 1517 vero
668 1481 748 1517 audiens
764 1493 820 1527 quos-

34 1527 72 1561 dam
83 1525 137 1560 iussu
146 1525 201 1572 regio
213 1525 349 1562 adventaturos
358 1526 394 1572 -qui
402 1526 466 1572 ipsum
474 1530 587 1572 quaererent
596 1527 666 1573 quique
678 1526 764 1562 dicerent
773 1526 820 1563 Cae-

2 1581 6 1611 ἰ
33 1581 89 1606 sarem
97 1570 163 1605 multis
172 1571 234 1617 magis
242 1571 357 1616 interfectis,
367 1574 387 1607 et
396 1572 419 1607 de
428 1571 505 1607 Simone
515 1572 615 1607 certiorem
624 1571 697 1607 factum
707 1572 732 1606 ad
740 1572 819 1608 investi-

0 1620 6 1649 ἐ
33 1615 126 1663 gationem
134 1616 187 1650 illius
196 1615 282 1659 misisse,
294 1620 316 1651 ut
325 1617 383 1657 etiam
391 1617 412 1651 in
421 1617 476 1652 illum
485 1617 543 1652 sicuti
551 1616 572 1651 in
579 1617 651 1662 priores
659 1617 819 1662 praestigiatores

0 1678 6 1688 --
33 1660 197 1704 animadverteret,
206 1661 232 1696 ad
239 1659 348 1707 Appionem
356 1666 377 1697 et
384 1660 520 1697 Annubionem
527 1661 581 1695 iniit:
594 1661 698 1705 Faustum,
710 1664 743 1707 qui
751 1663 776 1697 ad
783 1674 818 1698 nos

3 1725 5 1727 ·
33 1706 163 1761 venitqpfacite
175 1706 239 1742 cibum
249 1707 350 1742 nobiscum
364 1717 447 1751 sumere,
463 1718 499 1753 ego
510 1709 575 1741 autem
588 1709 708 1753 unguentum
724 1707 820 1752 quoddam

3 1753 7 1796 ζ’
34 1749 139 1830 copficram,
153 1756 175 1786 ut
188 1754 279 1787 coenatus
291 1754 311 1787 et
321 1762 431 1798 perungens
446 1762 476 1795 se,
493 1751 568 1787 cunctis
581 1751 653 1787 habere
666 1751 746 1787 formam
757 1764 820 1788 meam

4 1828 6 1830 μ
33 1796 50 1830 vi
64 1799 122 1831 eatur.

3 1850 6 1852 ’
75 1840 173 1876 CXXXV.
195 1838 336 1885 Cumquehaec
345 1840 411 1878 Simon
419 1840 506 1885 dixisset,
515 1839 593 1886 Appion
601 1844 621 1877 et
629 1839 820 1889 Annubionrespon·

34 1885 106 1921 derunt:
123 1886 222 1928 Quodnam
233 1886 271 1921 tibi
283 1886 356 1922 lucrum
367 1886 433 1922 veniet
441 1898 465 1922 ex
475 1886 609 1921 huiuscemodi
617 1885 774 1923 machinatione?
790 1887 820 1924 Ac

2 1937 6 1954 ³
33 1929 94 1966 Simon
104 1931 214 1977 respondit:
232 1931 316 1966 Primum
328 1931 406 1978 quidem
419 1931 454 1967 fflo
466 1936 523 1978 capto
535 1931 568 1977 qui
582 1943 613 1967 me
626 1935 729 1977 quaerunt,
742 1932 821 1969 investi-

34 1976 108 2020 gatione
120 1979 187 2011 contra
197 1986 228 2011 me
240 1976 303 2012 innita
314 1976 414 2013 desistent.
439 1976 460 2012 Si
472 1987 516 2013 vero
529 1976 588 2011 etiam
598 1988 656 2012 manu
666 1977 722 2023 regia
733 1978 821 2014 sublatus

3 2042 6 2067 3
33 2021 93 2065 luerit,
102 2032 218 2068 magnopere
227 2021 321 2068 lugebunt
327 2021 364 2057 filii
373 2021 420 2064 eius,
430 2022 462 2068 qui
470 2033 500 2057 me
508 2021 600 2057 derelicto
609 2022 634 2057 ad
640 2021 718 2056 Petrum
727 2033 769 2057 sese
777 2035 821 2059 con·

4 2114 5 2118 Ἰ
33 2066 122 2118 tulerunt,
137 2066 193 2146 eique
208 2067 332 2119 cqllaborant.
355 2065 460 2102 Annubion
474 2078 518 2103 vero
530 2069 550 2102 et
564 2065 642 2112 Appion
653 2066 726 2118 Fausto
741 2068 821 2120 seorsim

2 2156 6 2204 ς-
33 2110 822 2204 tanmaturaueratlatitantemtutatur

5 2348 7 2351 >
34 2329 97 2373 Σίμων
113 2328 184 2368 εὐθέως
201 2328 283 2372 ἐξῆλθεν.
307 2330 364 2363 Etiam
372 2330 410 2362 Par.
441 2326 473 2366 τάς
489 2339 541 2365 τινας
558 2329 597 2360 Par.
617 2346 641 2352 —
660 2325 679 2373 2)
701 2329 821 2369 Φαῦστος-

3 2409 5 2414 ‚
35 2370 105 2413 edittae.
117 2394 141 2401 -
154 2372 173 2420 3)
189 2376 219 2409 καὶ
234 2373 244 2408 ὁ
259 2386 276 2419 p.
294 2372 304 2408 ὁ
320 2374 341 2408 dt
356 2375 375 2407 0.
388 2392 411 2397 -
441 2370 502 2407 ἐλθών
517 2373 537 2405 O.
553 2391 577 2395 —
592 2370 611 2417 3)
628 2374 656 2406 Ita
671 2375 787 2417 reponendum
802 2377 821 2408 in

3 2423 4 2426 ’
34 2414 50 2461 4)
64 2418 166 2466 ἐπιτρέπῃς
180 2416 286 2467 πορεύομαι
300 2421 322 2461 V,
336 2419 411 2462 ἒπιτρέ-
439 2419 490 2451 Hom.
499 2418 539 2459 ΧΧ,
546 2415 569 2449 16
576 2429 608 2462 pro
617 2416 713 2461 ἀπολαβών
722 2432 745 2452 τι.
758 2421 821 2454 Noster

4 2465 5 2468 ’
35 2473 74 2502 ποις
85 2463 191 2512 πορεύομαι
206 2466 245 2497 Par.
257 2466 298 2498 item
309 2466 360 2498 Hom.
371 2464 410 2505 XX,
439 2464 490 2496 Hom.
500 2463 556 2496 Codex
564 2461 660 2507 ἀναλαβὼν
669 2466 689 2497 τί
698 2462 737 2508 (sic)
747 2466 820 2499 exhibet.

34 2503 114 2554 trapis.
126 2507 174 2543 -5
193 2511 220 2543 Ita
231 2510 282 2542 etiam
293 2510 410 2543 nosterHom.
480 2509 520 2552 Cap.
537 2508 626 2542 CXXXV.
654 2506 670 2547 1)
688 2510 724 2541 Scr.
741 2512 790 2554 φασὶ
806 2521 820 2543 ο.

5 2564 6 2567 ’
35 2552 87 2588 Codex
95 2553 143 2600 (XX,
153 2554 174 2588 11
185 2582 189 2597 ,
201 2566 236 2589 non
245 2567 269 2595 τε,
283 2559 303 2589 nt
311 2556 412 2600 impressum
439 2554 493 2598 Epit,
506 2552 554 2598 ἔφην
567 2554 619 2586 Hom.
633 2553 673 2593 XX,
686 2552 714 2595 17,
728 2554 759 2587 ubi
774 2556 820 2589 solus

5 2615 6 2618 ¹
35 2597 69 2632 fuit.
86 2601 127 2633 Cum
136 2601 239 2634 Codiceillic
247 2601 328 2634 vertimus
337 2606 356 2634 te.
368 2600 410 2633 Inde
439 2599 531 2632 Annuhiorr
546 2601 608 2632 narrat.
624 2617 652 2645 ‘.
668 2595 687 2642 2)
702 2599 730 2631 Ita
741 2603 758 2632 et
769 2601 821 2634 Hom.

35 2647 76 2677 recte
90 2643 229 2679 Tischendoriius
245 2643 269 2690 (p.
287 2643 314 2678 89.
331 2648 367 2679 not.
381 2643 410 2687 21)
439 2645 479 2685 XX,
489 2639 771 2689 17.dchpit.,0ovPax-3)
781 2646 822 2681 ἐστὶ

36 2697 104 2723 errorem
114 2692 133 2724 in
142 2691 229 2736 impressis
241 2691 335 2735 suspicatus
348 2693 378 2724 est.
389 2708 411 2714 —
440 2690 491 2722 Hom.
501 2688 548 2728 ibid,
558 2688 603 2732 quod
611 2689 654 2721 bene
663 2689 735 2731 quadrat
745 2691 767 2724 ad
775 2696 822 2725 ante-

5 2741 6 2744 ’
35 2729 51 2777 6)
59 2734 125 2779 ltaleg.
133 2738 184 2770 Hom.
193 2737 233 2778 XX,
242 2734 270 2769 11.
441 2735 501 2769 cedens
512 2734 552 2768 νῦν.
576 2734 626 2767 Nihil
634 2735 765 2770 certeinHom.
774 2741 822 2771 textu

67 2781 89 2813 Ga
102 2782 212 2816 ,CXXXIV
236 2778 254 2826 l)
263 2782 292 2814 Sic
302 2783 352 2815 etiam
360 2781 411 2814 Hom.
441 2776 626 2824 corrigendum-4)
635 2779 783 2827 προσφυγόντες
791 2794 822 2827 op-

35 2820 71 2865 XX,
80 2792 101 2859 13
112 2830 129 2860 et
140 2828 187 2871 Epit.
201 2838 214 2860 c.
227 2824 266 2868 134,
279 2822 412 2872 ἐπιδημήσειν·
440 2829 512 2870 portuno
521 2835 553 2857 om.
563 2825 582 2857 Ο.
