1827 3065
270 79 272 88 .
307 85 417 143 ¹'nrrrorur
429 87 533 143 aarum.
544 84 554 90 '⁴
778 96 818 138 189

73 209 132 249 CVII.
155 207 181 243 Et
190 218 226 254 ego
234 206 274 243 Die
281 207 348 252 nobis,
361 207 447 254 inquam,
461 209 537 256 qualem
547 206 651 256 protulerit
659 217 774 250 sermonem,
787 207 820 253 qui

32 265 85 302 fidem
93 256 146 292 illius
154 252 285 300 patefecerit?
296 253 405 299 Respondit
412 254 491 290 Petrus:
504 255 541 291 Ille
548 266 609 290 sermo
617 256 653 298 est,
663 264 699 299 quo
706 252 789 299 rogavit,
798 255 820 287 ut

32 313 70 357 ipsa
79 313 120 339 cum
128 299 206 346 hospita
218 298 307 335 benefica
320 299 377 334 simul
384 299 519 346 baptizaretur.
541 301 585 338 Nou
594 303 659 336 autem
667 302 751 346 rogaret,
759 301 782 333 ut
789 297 820 332 illi

33 363 83 403 [luam
92 345 157 393 diligit
165 348 295 391 praestaretur
303 344 351 380 haee
360 346 430 392 gratia,
439 346 477 381 nisi
485 347 537 392 prius
547 358 593 394 erga
600 345 719 392 baptismum
727 347 820 390 tanquam

33 409 74 446 erga
81 403 171 439 magnum
179 403 247 426 munus
256 393 308 426 esset
317 390 392 426 affecta.
412 390 468 427 Unde
477 396 497 428 et
506 404 542 439 ego
549 391 669 440 reprehendo
677 390 777 438 plurimos,
787 389 820 436 qui

0 461 1 464 ¹
33 455 71 483 cum
78 436 173 485 baptizati
181 437 253 473 fuerint
262 440 281 472 et
290 436 368 472 credere
377 448 397 472 se
404 437 476 482 dicant,
484 438 534 474 nihil
541 443 607 475 tamen
616 438 696 485 dignum
704 435 743 471 fide
752 439 818 483 agant,

0 484 2 488 ⁴
32 497 89 535 neque
98 495 130 520 eos
139 494 186 528 quos
196 483 280 529 diligunt
289 482 372 530 (uxores,
381 482 464 529 inquam,
473 483 530 529 filios,
539 484 620 532 amicos)
632 484 657 519 ad
668 483 706 518 hoc
714 482 820 518 hortentur.

0 538 2 541 ’
32 537 77 573 Nam
85 530 101 566 si
111 529 219 573 crederent,
228 529 289 564 vitam
298 531 396 563 aeternam
408 540 451 564 eum
460 529 516 565 bonis
525 530 614 577 operibns
622 542 634 565 a
641 529 685 565 Deo
695 527 768 572 donari,
777 527 821 563 abs-

33 591 65 628 que
78 574 180 619 dilatione,
193 586 240 621 quos
249 574 359 621 diligerent,
369 573 394 609 ad
403 585 445 610 eum
454 575 597 622 suscipiendum
607 575 757 611 exhortarentur.
782 572 821 609 Sed

34 627 80 663 dicet
88 624 172 657 vestrum
181 620 233 666 quis:
245 619 338 666 Diligunt
350 630 383 655 eos
395 632 418 655 ae
431 620 454 655 de
466 620 490 655 iis
499 625 543 656 sunt
552 622 638 657 solliciti.
662 621 686 656 Id
694 620 776 655 stultum
785 622 820 655 est.

33 673 77 709 Nam
88 679 121 703 eur
131 665 210 701 tandem
225 677 257 702 eos
269 668 369 712 aegrotare
379 665 479 711 videntes,
492 667 554 702 autin
561 667 627 702 mortis
636 667 687 702 viam
695 666 776 710 abduci,
786 668 820 701 aut

34 714 121 764 quaedam
132 711 171 747 alia
182 711 265 747 molesta
276 711 380 755 sustinere,
393 715 473 759 gemunt
482 716 543 759 atque
551 711 679 748 miserantur?
691 712 723 747 Ita
733 712 750 747 si
759 711 820 747 eredi-

34 762 111 803 dissent,
125 757 191 803 ignem
199 760 298 793 aeternrun
307 768 383 792 manere
393 769 425 793 eos
434 757 467 803 qui
474 757 538 793 Deum
546 762 585 794 nor'r
594 759 665 803 colunt,
674 770 713 793 non
722 760 820 793 cessar-ent

0 814 4 820 '⁴
33 816 103 846 monere
114 804 147 838 vel
158 806 251 849 tanquam
263 802 287 838 de
298 801 409 838 infidelibus
421 803 495 848 dolere,
508 803 553 838 dum
566 815 598 839 eos
610 807 691 840 cernunt
703 803 819 846 incredulos,

0 871 2 891 3
16 867 18 869 ’
34 851 77 891 certi
85 850 161 885 futurae
170 849 246 884 illorum
254 859 333 894 poenae.
345 847 401 884 Nunc
410 860 455 896 ergo
464 848 561 895 hospitam
567 849 680 885 accersitam
688 848 820 895 interrogabo,

33 910 73 935 nuni
84 896 147 942 legem
158 897 244 929 nostram
254 893 303 929 velit
313 894 413 939 amplecti,
429 898 448 929 et
460 899 517 941 prout
532 906 650 941 consequens
664 894 724 930 fuerit
735 905 820 941 agemus.

33 945 57 980 At
63 944 126 981 restra
134 943 195 975 mater
204 939 300 986 quoniam,
308 942 331 974 ut
340 940 396 976 decet
404 939 487 985 fidelem,
496 940 517 976 in
524 940 640 988 baptismum
649 940 734 976 animata
743 943 779 984 est,
788 939 821 974 vel

0 993 1 996 ’
33 1000 67 1025 uno
76 987 106 1022 die
115 989 161 1021 ante
168 985 286 1032 baptismum
294 985 372 1021 ieiunet.

75 1053 144 1091 CVIII.
167 1053 205 1089 llla
216 1065 260 1089 vero
273 1053 349 1089 iruabat
361 1053 437 1090 dicens:
449 1053 531 1090 Duobus
543 1053 672 1100 superioribus
685 1052 763 1097 diebus,
777 1053 821 1088 dum

3 1104 4 1107 ’
34 1112 83 1139 narro
89 1099 166 1135 mulieri
171 1099 225 1134 Petri
231 1099 370 1147 recognitionis
378 1103 473 1143 eventum,
482 1101 595 1146 praemulto
604 1099 675 1146 gaudio
682 1099 746 1134 eibum
753 1109 829 1144 caper-e>

33 1146 112 1193 nequivi,
121 1145 160 1180 nisi
167 1144 219 1191 quod
225 1144 316 1181 hesterna
325 1145 355 1180 die
363 1146 450 1192 paullum
457 1156 518 1191 aquae
526 1145 603 1191 sumpsi.
617 1143 653 1179 Cui
662 1144 767 1179 iuramento
775 1155 823 1178 uxor

34 1192 82 1229 Petri
93 1190 226 1227 testimonium
237 1190 326 1237 praebuit
338 1191 414 1233 dicens,
427 1202 471 1226 vere
484 1202 526 1225 eam
538 1190 588 1225 nihil
597 1193 692 1237 gustasse.
715 1188 742 1223 Et
750 1187 823 1235 Aquila

34 1239 66 1274 ait:
78 1236 132 1273 Nihil
144 1248 190 1283 ergo
202 1236 292 1283 impedit,
304 1236 350 1282 quin
360 1236 476 1282 baptizetur.
500 1235 550 1270 Turn
561 1235 641 1271 Petrus:
657 1233 685 1270 At
696 1234 734 1270 hoc
745 1238 823 1270 nonest

1 1294 2 1297 ’
34 1282 121 1329 baptismi
135 1281 236 1326 ieiunium,
254 1281 305 1328 quod
319 1293 358 1317 non
371 1285 449 1328 propter
465 1280 486 1315 id
499 1281 572 1316 foetum
584 1284 619 1317 est.
642 1280 669 1315 Et
684 1279 823 1315 Faustinianus

0 1354 2 1356 ψ
33 1328 138 1374 respondit:
152 1327 191 1363 Sed
198 1327 280 1363 fortasse
289 1326 343 1362 Deus
352 1328 419 1362 volens
432 1330 511 1362 matrem
520 1330 638 1362 nostrumne
646 1337 684 1361 uno
693 1326 770 1372 quidem
778 1329 823 1371 post

33 1373 182 1420 recognitionem
189 1372 220 1408 die
228 1385 240 1408 a
246 1376 312 1409 nostra
318 1383 385 1408 mensa
392 1372 481 1417 separari,
490 1371 527 1407 hoc
534 1372 627 1407 ieiunium
632 1371 755 1418 praestruxit.
768 1370 823 1407 Sicut

0 1427 2 1437 ³
34 1419 80 1455 enirn
92 1419 113 1454 in
123 1418 245 1466 ignoratione
258 1418 342 1454 servavit
354 1418 469 1465 pudicitiam
477 1418 497 1452 id
506 1418 557 1463 quod
564 1418 667 1453 veritatem
675 1417 732 1452 decet
740 1416 822 1462 faciens,

0 1463 3 1508 ζ
34 1465 58 1500 ita
67 1467 86 1500 et
93 1463 144 1499 nunc
150 1463 204 1500 Deus
211 1464 260 1500 forte
268 1463 359 1511 providit,
369 1475 411 1499 eam
417 1467 462 1499 ante
470 1476 528 1499 unum
536 1463 587 1499 diem
594 1464 614 1498 in
620 1463 731 1511 ignorantia
737 1462 822 1498 ieiunare

0 1512 2 1529 -’
33 1522 63 1556 pro
72 1522 115 1546 vero
123 1510 230 1556 baptismo,
241 1512 264 1544 ut
272 1509 352 1556 aprime
361 1510 438 1556 dieque
448 1521 483 1545 nos
492 1509 572 1557 agnouit
580 1509 680 1545 nobiseum
688 1511 755 1555 posset
765 1508 823 1544 etiam

1 1561 3 1569 ²
35 1556 90 1591 salem
100 1567 134 1591 seu
142 1556 206 1592 eibum
214 1555 319 1602 percipere.

0 1650 3 1665 .
76 1623 126 1659 CIX.
151 1623 200 1659 Tum
208 1624 277 1659 Petrus
285 1623 330 1660 Non
338 1622 543 1669 nos,inquit,vineat
553 1622 628 1658 malitia
636 1626 756 1669 praetextum
764 1625 823 1658 nacta

1 1709 2 1712 Ἴ
34 1669 170 1714 providentiam
179 1673 198 1705 et
206 1669 273 1705 matris
282 1669 382 1705 affeetrmr:
396 1669 431 1705 sed
439 1668 502 1716 magis
510 1680 545 1704 vos
554 1671 574 1704 et
583 1680 619 1716 ego
627 1668 727 1704 nobiseum
735 1667 793 1704 hodie
802 1668 823 1703 in

35 1715 102 1751 ieiunio
114 1726 268 1761 permaneamuS,
281 1719 300 1750 et
312 1726 353 1750 eras
364 1714 500 1761 baptizabitur.
524 1713 592 1760 Neque
601 1713 655 1749 ‘enim
666 1713 771 1749 hodiernae
783 1713 823 1749 diei

34 1760 77 1796 hora
85 1761 110 1796 ad
118 1761 234 1807 baptismum
243 1763 289 1806 apta
297 1764 332 1795 est.-
355 1759 424 1806 Itaque
433 1760 461 1795 sic
473 1758 516 1795 fieri
524 1771 590 1795 omnes
599 1760 736 1795 consensimus.
759 1758 823 1795 Multo

1 1830 2 1833 η
35 1810 96 1842 autem
103 1806 196 1842 maturius
205 1817 261 1852 quam
269 1805 355 1851 quotidie
363 1806 438 1841 solebat
443 1805 512 1841 Petrus
519 1808 641 1852 experrectus
650 1805 676 1841 ad
683 1817 718 1841 nos
724 1805 824 1852 ingressus

0 1854 2 1856 ’
36 1856 72 1896 est,
85 1864 133 1898 quos
146 1863 212 1887 somno
224 1851 326 1896 excitavit,
340 1855 360 1887 at
367 1852 430 1886 dixit:
448 1850 554 1887 Faustinus
569 1854 589 1886 et
599 1850 738 1887 Faustinianus
748 1862 825 1897 unaque

36 1895 122 1933 Clemens
131 1909 174 1933 cum
186 1896 226 1932 suis
236 1908 267 1932 me
279 1900 392 1943 sequantur,
403 1902 425 1932 ut
435 1897 536 1933 venientes
548 1896 574 1933 ad
588 1897 686 1933 obtectum
694 1897 825 1933 marisiacum

34 1941 132 1989 baptizare
141 1955 182 1979 eam
191 1943 293 1990 possimus.

78 2010 118 2046 CX.
143 2010 191 2047 Cum
202 2011 263 2059 igitur
274 2022 359 2047 essemus
372 2011 392 2046 in
403 2011 470 2047 littore
481 2011 532 2047 inter
545 2023 590 2047 saxa
599 2011 702 2058 quaedam,
717 2013 768 2057 quae
773 2014 825 2046 tran-

0 2073 2 2075 ’
36 2057 113 2101 quillum
122 2061 141 2093 et
149 2058 240 2093 mundum
248 2058 313 2093 locum
320 2057 440 2104 praebebant
448 2057 557 2104 baptizavit
569 2068 611 2092 eam
622 2057 644 2098 in
651 2057 727 2092 nomine
734 2056 796 2102 patris
805 2059 825 2092 et

35 2102 69 2137 filii
77 2106 96 2138 et
106 2103 184 2150 spiritus
194 2103 262 2139 saneti.
286 2103 327 2140 Nos
336 2107 400 2139 autem
408 2103 477 2139 fratres
486 2106 506 2139 et
514 2103 549 2138 alii
557 2103 634 2148 quidam
646 2102 760 2137 secessimus
769 2101 825 2136 muli-

35 2158 85 2183 erum
93 2149 161 2197 gratia.
185 2149 257 2184 Postea
264 2149 333 2184 Petrus
344 2149 434 2185 mulieres
447 2149 471 2185 ob
483 2148 626 2184 multitudinem
636 2147 737 2194 praemisit
749 2147 825 2191 iubens,

0 2203 1 2206 ¹
16 2237 19 2240 p
35 2197 54 2227 ut
62 2206 95 2240 per
106 2195 186 2231 alteram
197 2195 249 2231 viam
260 2195 310 2230 irent
321 2194 347 2230 ad
357 2194 472 2241 hospitium,
485 2194 569 2240 solisque
580 2194 663 2229 virorum
670 2192 727 2229 nobis
736 2193 825 2239 permisit

0 2274 2 2278 ,
35 2243 110 2276 matrem
119 2252 142 2276 ac
150 2241 239 2276 mulieres
249 2240 341 2276 comitari.
364 2240 471 2277 Venientes
482 2251 527 2287 ergo
536 2239 561 2274 ad
570 2239 701 2284 diversorium,
711 2241 730 2275 et
738 2242 824 2285 praesto-

35 2282 95 2321 lantes
104 2286 208 2323 adventum
216 2286 270 2322 illius
279 2286 434 2333 colloquebamur
442 2285 529 2321 invicem.
540 2284 589 2320 Post
597 2288 628 2321 sat
636 2285 707 2321 multas
715 2296 761 2321 vero
768 2284 824 2321 horas

33 2378 168 2388 -ἓ

36 2442 51 2484 5)
71 2447 103 2482 ἰπὶ
122 2449 148 2493 τῷ
166 2451 284 2496 βαπτίσματι
302 2449 339 2481 add.
359 2448 415 2481 Codex
443 2449 465 2481 V.
479 2466 503 2471 —-
514 2444 533 2492 6)
545 2445 595 2482 οὕτω
608 2449 627 2481 0.
638 2466 662 2471 —-
677 2444 696 2491 7)
707 2445 779 2493 ἡμέρας
790 2447 825 2480 des.

36 2491 83 2525 Hom.
101 2496 158 2539 Ottob.
174 2498 191 2528 et
209 2497 257 2539 Epit.
273 2509 297 2518 ——·
315 2491 334 2539 6)
354 2489 414 2528 θανά-
442 2494 461 2526 in
471 2494 490 2526 0.
825 2502 828 2508 ·

37 2548 60 2580 τῳ
73 2541 92 2573 0.
104 2560 126 2564 —
140 2538 158 2586 l)
170 2540 255 2575 ἐλεοῦσιν
267 2541 287 2574 Ο,
299 2538 351 2581 -8)
365 2535 414 2586 πρά·
433 2581 434 2584 ¹
478 2539 518 2582 Cap.
535 2539 579 2571 CIX.
607 2535 625 2583 l)
647 2536 658 2582 ἦ
675 2538 709 2571 des.
727 2538 746 2571 in
767 2539 784 2572 V.
802 2557 825 2562 -

38 2582 95 2629 &aaa
104 2588 124 2621 0.
442 2582 460 2627 2)
473 2581 522 2618 οὕτω
532 2585 551 2617 Ο.
563 2603 587 2607 -
598 2581 616 2625 3)
629 2580 639 2616 ὁ
652 2584 725 2628 Πέτρος
733 2583 825 2619 dianien-

444 2632 497 2669 σθεὶς
505 2630 545 2663 ordo
553 2630 572 2663 in
579 2631 598 2664 0.
607 2647 630 2653 -
637 2626 655 2672 4)
667 2626 826 2674 &zoroastraeis

69 2676 107 2722 Cap.
125 2678 187 2713 evin.
211 2675 230 2723 1)
247 2674 276 2711 ὅτι
295 2673 329 2711 dio
350 2677 369 2711 0.
392 2695 414 2700 -
443 2688 477 2723 μοι
486 2677 507 2710 V.

37 2715 52 2759 2)
61 2724 135 2772 Πέτρου
144 2735 176 2756 our.
185 2725 203 2766 V,
215 2724 245 2767 qui
256 2723 327 2757 subinde
338 2719 361 2756 τὰ
368 2719 414 2757 κατὰ
479 2722 519 2766 Cap.
529 2722 564 2755 CX.
585 2718 602 2762 1)
611 2720 695 2766 γαληνοῦ
703 2723 734 2756 καὶ
742 2722 828 2767 καθαροῦ

11 2796 15 2804 .
37 2765 297 2816 τῶνάναγνωρισμῶν.-3)
312 2767 416 2814 ’,θ-ὲςο.-
445 2764 506 2802 τόπου
514 2768 546 2810 leg.
554 2768 605 2800 0.-
618 2764 635 2810 2)
645 2764 676 2801 dui
685 2764 719 2803 τὸν
728 2764 785 2813 ὄχλον
793 2780 826 2802 om.

36 2806 53 2854 4)
74 2814 190 2860 μαρτυρήσει
208 2817 229 2850 V.
253 2833 275 2840 -
299 2782 323 2861 ὃς
338 2812 363 2854 ὡς
383 2825 415 2848 om.
445 2814 465 2856 Ο,
475 2810 507 2848 διὰ
515 2809 658 2858 τῶνὸχλωνεοῑ.
667 2815 689 2855 V,
697 2814 728 2848 ubi
736 2815 828 2848 deindeest
