1827 3065
354 137 460 173 arraona
471 136 547 170 111101.
826 120 853 167 15

55 242 105 278 uude
119 240 255 288 proficiscerer.
279 238 308 275 Ae
320 249 386 274 omnes
401 237 426 273 ad
440 235 566 284 spectandum
579 234 679 282 congressi
690 237 739 270 sunt.
762 234 853 282 Dumque

55 288 85 324 illi
93 286 228 333 interrogando
240 295 270 320 me
281 286 441 331 perermetantur,
456 293 502 318 6666
514 286 534 318 61
544 281 645 317 Barnabas
658 280 738 316 simulac
749 280 808 325 vidit,
822 292 853 317 me

56 332 164 380 complexus
174 335 204 367 est
214 330 295 366 multum
303 328 390 377 gaudens
402 340 425 364 ae
436 328 540 364 lacrimans
548 326 707 379 apprehensaque
716 338 774 379 mauu
781 338 824 362 mea
832 327 853 362 in

56 380 130 415 domum
143 376 254 413 introduxit.
278 375 356 411 Deinde
369 374 449 410 Petrum
463 374 567 409 ostendens
581 372 620 409 Hie
635 376 674 416 est,
689 376 761 419 mqurt,
776 372 852 417 Petrus,

55 435 111 472 quem
124 422 226 459 maximum
240 421 261 457 in
271 420 310 456 Dei
322 420 419 466 sapientia
432 418 470 455 tibi
484 418 633 463 denunciabam,
649 429 659 453 0
672 416 772 463 Clemens,
784 419 853 465 cuique

55 470 119 507 omnia
127 479 176 514 quae
184 467 232 503 inte
242 470 286 502 sunt
293 466 345 502 bona
353 470 373 502 et
381 466 500 513 propositum
507 469 562 501 tuum
570 475 645 512 semper
651 463 757 508 narrabam,
766 467 789 499 ut
798 475 821 500 en
830 476 853 500 eo

55 518 96 563 ipse
111 516 170 550 etiam
181 513 246 560 cupiat
260 511 326 548 videre
341 514 361 547 te
375 515 466 557 tuamque
482 511 639 559 congressionem
653 513 736 557 expetat.
760 510 854 558 Magnum

123 560 140 595 ei
148 570 217 594 munus
225 562 245 593 te
253 558 341 594 manibus
349 557 397 593 meis
406 557 470 593 offero.
496 556 551 599 Quod
560 569 603 593 cum
612 555 703 600 dixisset,
713 556 785 592 obtulit
793 568 824 593 me
833 560 853 592 et

128 605 167 640 Hic
176 608 205 640 est
215 603 310 648 Clemens,
319 603 381 639 Petre.

101 651 143 687 XV.
167 648 194 685 At
205 650 274 685 Petrus
285 652 388 695 postquam
399 659 469 684 nomen
480 647 564 693 audivit,
579 647 671 684 memoria
681 652 772 695 repetens
780 648 853 684 Barna-

55 698 92 734 bae
103 695 222 732 narrationes
234 694 336 731 confestim
349 707 371 731 eo
382 694 451 730 habitu
463 705 499 740 quo
511 696 552 729 erat
563 694 648 740 prosiliit
659 705 727 740 meque
735 694 821 741 benigne
830 706 853 730 ac

56 752 145 791 germane
154 741 275 777 exosculatus
285 745 343 787 atque
352 740 437 777 assidere
446 739 521 776 iaciens
528 739 591 775 Recte
599 738 672 784 fecisti,
681 739 754 787 inquit,
764 741 796 787 qui
804 740 853 776 veri—

110 798 224 834 praeeonem
232 786 341 822 Barnabam
352 786 437 833 hospitio
449 785 548 832 exceperis
557 785 677 821 inhonorem
686 785 737 830 eius,
747 787 779 832 qui
786 797 853 822 revera

118 836 153 877 est,
163 836 182 867 et
191 833 292 868 admodum
301 832 377 868 excelso
385 836 405 867 te
418 832 498 879 gessisti
510 831 582 875 animo,
595 831 640 878 quia
648 835 668 867 te
681 831 721 867 cius
730 843 769 867 non
776 831 852 879 puduit,

56 891 66 915 6
85 890 117 925 qur
125 878 255 925 imperitorum
262 878 345 914 furorem
352 889 391 914 non
399 877 459 913 fueris
467 877 545 913 veritus.
569 877 645 913 Revera
656 877 708 913 enim
715 877 785 913 beatus
793 889 814 913 es
825 882 852 922 tu,

57 924 107 971 quod
114 923 202 959 veritatis
211 924 298 971 legatum
306 924 334 960 ita
343 923 393 959 omni
402 935 445 960 cum
453 923 524 959 honore
534 923 642 970 susceperis
650 922 756 970 hospitem,
767 935 803 971 pro
812 923 853 970 qui-

55 971 91 1005 bus
102 969 160 1005 factis
172 970 215 1015 ipsa
226 980 300 1016 quoquc
311 970 383 1005 veritas
395 973 424 1013 te,
437 970 469 1015 qui
477 968 547 1022 hospes
557 980 587 1013 es,
602 980 648 1004 suae
660 969 714 1005 urbis
727 969 789 1005 civem
802 969 852 1005 desi·

56 1015 133 1062 gnabit,
144 1019 228 1062 tuncque
236 1026 352 1062 magnopere
364 1015 476 1059 laetaberis,
490 1026 535 1060 qura
543 1026 622 1060 parvam
630 1015 713 1062 gratiam
724 1027 775 1050 nunc
787 1014 853 1051 foene-

116 1061 223 1107 bonamque
233 1060 331 1097 doctrinae
338 1061 458 1097 voluntatem
464 1060 501 1096 eris
510 1060 577 1095 haeres
585 1061 726 1096 commodorum
732 1064 853 1096 aeternorum

112 1117 191 1152 umque,
200 1117 248 1152 quae
257 1105 328 1150 auferri
335 1118 374 1142 non
381 1109 468 1152 possunt.
480 1105 523 1141 Nec
531 1116 576 1140 vero
584 1105 670 1140 laborem
679 1105 749 1141 subeas
757 1105 854 1141 referendi

115 1162 175 1187 mores
187 1154 240 1195 tuos,
254 1152 318 1187 omnia
329 1152 389 1194 enim,
401 1161 449 1197 quae
458 1151 483 1186 ad
491 1153 511 1186 te
519 1151 624 1197 pertinent,
633 1155 707 1186 amator
719 1151 757 1186 iste
765 1151 854 1187 veritatis
872 1165 875 1171 ¹

56 1196 156 1232 Barnabas
164 1196 259 1231 indicavit
266 1196 306 1232 fere
316 1196 402 1242 quotidie
409 1197 480 1232 bonam
488 1196 518 1230 tui
525 1195 643 1231 mentionem
651 1196 732 1232 faciens.
753 1196 779 1231 Et
787 1201 809 1232 ut
817 1197 854 1233 tibi

57 1247 147 1287 tanquam
156 1252 200 1276 vero
213 1241 274 1277 amico
285 1241 371 1277 breviter
380 1252 421 1277 rem
432 1241 527 1287 aperiam,
538 1241 577 1276 nisi
588 1241 626 1277 tibi
634 1241 709 1288 aliquid
716 1242 854 1289 impedimento

9 1298 19 1331 1,·:
57 1291 88 1323 est
99 1288 137 1322 iter
144 1286 245 1322 nobiseum
251 1286 302 1322 habe
311 1298 333 1322 ac
344 1287 441 1334 participa
450 1298 546 1322 sermones
555 1286 654 1331 veritatis,
667 1299 714 1334 quos
723 1299 758 1335 per
767 1288 853 1336 singulas

9 1333 18 1366 ,1
58 1331 147 1368 civitates
155 1331 256 1368 habitruus
268 1343 310 1368 sum
317 1332 398 1368 Romam
404 1344 465 1379 usque
474 1332 540 1378 ipsam.
552 1356 555 1361 1

16 1416 19 1417 ⁷
103 1376 156 1413 XVI.
180 1377 223 1426 Ego
233 1389 279 1414 vero
291 1378 316 1414 ad
327 1377 382 1414 illum
392 1378 474 1415 Paratus
487 1378 565 1425 quidem
577 1390 619 1413 sum
630 1378 728 1425 proficisci
739 1382 813 1424 te'erun,
825 1380 854 1416 in·

9 1428 19 1449 ’ὃ
58 1435 122 1470 quam,
136 1422 173 1459 hoo
181 1435 262 1470 namque
274 1424 386 1471 nescioquo
397 1424 453 1460 modo
463 1424 556 1460 constitui
564 1425 633 1460 laetus.
657 1425 729 1461 Verum
738 1427 793 1473 cupio
801 1427 854 1473 prius

58 1470 126 1505 certior
138 1468 161 1504 de
173 1469 255 1505 veritate
266 1468 339 1505 fierint
347 1470 416 1515 sciam,
424 1474 488 1505 utrum
496 1470 560 1506 anima
568 1470 683 1506 immortalis
692 1471 718 1507 sit
727 1484 752 1508 an
759 1473 852 1517 mortalis,

16 1527 20 1559 ἡ
59 1519 78 1550 61
87 1515 104 1549 si
112 1517 142 1550 est
151 1515 273 1561 sempiterna,
282 1527 327 1551 num
336 1515 360 1551 ob
370 1527 393 1551 ea
401 1527 450 1563 quae
458 1516 490 1551 1116
499 1516 562 1564 gessit
570 1516 652 1552 iudicari
659 1516 736 1562 debeat,
745 1518 793 1554 item
799 1518 854 1565 quid-

57 1571 101 1595 nam
114 1560 139 1595 sit
150 1560 222 1596 iustum
233 1572 255 1596 ae
266 1561 310 1597 Deo
323 1565 408 1608 gratum,
422 1565 523 1608 praeterea
533 1561 623 1598 faetusne
635 1562 661 1598 sit
672 1564 755 1599 mundus
768 1568 788 1600 et
796 1575 854 1610 quare

57 1605 126 1649 factus,
136 1609 155 1640 et
164 1617 189 1641 an
197 1606 222 1641 sit
231 1606 365 1642 dissolvendus
376 1618 447 1651 necne,
460 1611 516 1644 etan
524 1607 592 1643 11161101·
602 1608 677 1644 futinus
689 1620 714 1645 an
727 1621 764 1645 nec
777 1610 853 1646 futurus

58 1651 142 1696 omnino,
163 1662 186 1687 ac
203 1663 228 1687 nc
246 1652 324 1699 singula
336 1664 449 1699 prosequar,
469 1653 518 1689 haee
533 1656 590 1699 atque
604 1653 635 1688 his
650 1654 721 1690 similia
737 1656 808 1691 vellem
826 1656 854 1690 di-

58 1707 115 1732 scere.
142 1696 180 1732 Ille
199 1700 264 1733 autem
283 1698 348 1733 divino
370 1698 439 1744 spiritu
458 1709 586 1746 cognoscens,
608 1699 654 1746 quid
677 1699 715 1736 sibi
734 1701 809 1737 vellent
831 1712 854 1737 ea

58 1741 123 1786 verba,
141 1742 200 1778 citum
213 1754 325 1790 responsum
341 1743 404 1789 dedit,
420 1747 476 1780 utet
491 1745 530 1780 cito
545 1756 575 1780 me
589 1745 615 1780 ad
630 1745 733 1782 veritatem
748 1751 854 1783 revocaret.

57 1785 121 1833 Atque
137 1787 248 1835 egoinquit
258 1788 343 1825 breviter
354 1789 400 1834 tibi,
419 1801 430 1825 o
445 1788 544 1835 Clemens,
558 1802 621 1826 rerum
635 1791 737 1828 scientiam
752 1792 853 1837 exhibebo,

59 1835 79 1868 et
88 1833 126 1868 iam
133 1844 184 1868 nuuc
193 1834 243 1869 audi.
650 1840 652 1843 ⁴

103 1877 166 1913 XVII,
189 1877 229 1915 Dei
244 1879 333 1916 vohmtas
349 1880 420 1917 multas
437 1880 461 1917 ob
477 1881 562 1917 rationes
582 1881 692 1919 hominibus
714 1885 792 1920 occulta
810 1884 854 1920 fuit.

110 1935 120 1959 0
133 1923 209 1969 quidem
221 1925 272 1971 quod
284 1925 315 1961 1111
323 1926 455 1963 detinerentur
465 1939 525 1975 prava
535 1927 669 1974 institutione,
679 1930 769 1966 convictu
776 1930 854 1975 vitioso,

58 1970 195 2021 consuetudine
207 1971 325 2018 perniciosa,
340 1972 396 2008 malis
408 1973 519 2020 colloquiis,
533 1978 633 2011 nonrecta
641 1976 751 2022 opinionum
760 1976 855 2023 anticipa-

57 2017 116 2060 110116,
126 2019 184 2062 atque
193 2020 294 2064 eapropter
302 2028 373 2063 errore,
389 2018 434 2055 dein
441 2023 558 2067 contemptu,
567 2020 710 2070 incredulitate,
719 2022 854 2067 fornicatione,

58 2145 98 2175 runt
104 2155 124 2176 cn
129 2144 208 2187 ABOD,
216 2145 267 2177 Hom.
273 2145 288 2187 1,
295 2143 322 2187 lb,
328 2150 387 2180 nostra
393 2147 441 2192 Epir.

67 2189 105 2221 tal
144 2190 197 2223 cot.
211 2188 260 2222 -4
282 2188 372 2234 6111116111.
385 2194 405 2227 Β.
418 2211 442 2216 -

124 2236 129 2247 ’
146 2236 198 2279 JBD.
210 2254 234 2259 —-
248 2234 259 2269 6
280 2235 379 2280 ἐμποδίζει
387 2250 406 2271 τι.
414 2249 442 2271 or-

71 2323 75 2330 .
112 2281 136 2321 A,
149 2293 168 2314 τι
180 2280 281 2328 ἐμποδίζοι.
292 2283 317 2324 D,
331 2282 375 2316 idem
388 2283 441 2317 fuisse

59 2323 125 2357 ridetur
133 2325 151 2358 in
160 2328 179 2359 B.
187 2344 211 2351 —
219 2325 237 2372 7)
246 2328 273 2360 Ea
280 2329 330 2361 lectio
340 2332 365 2362 est
374 2329 440 2363 Codicis

58 2370 78 2410 A,
88 2369 127 2404 eoo.
136 2372 187 2404 Hom.
197 2373 264 2414 Ottob,
276 2377 343 2408 nostrae
351 2375 405 2419 Epic,
418 2376 441 2407 al,

58 2423 68 2445 a
93 2415 129 2449 eor.
139 2421 155 2450 et
163 2419 178 2450 B
186 2430 230 2451 man.
239 2430 265 2462 pr.
274 2430 330 2463 supro,
340 2421 368 2453 cui
374 2420 440 2454 substat

61 2499 70 2512 u
126 2473 171 2495 man.
183 2461 218 2498 τὸν
231 2463 264 2507 τῆς
278 2461 365 2508 ἀληθείας
376 2462 440 2509 λόγον,

59 2506 417 2554 0661111131,τῶν.,..λόγων·ὃ’ν01),

93 2551 133 2595 Gap.
142 2553 190 2588 XVI.
215 2551 233 2599 1)
246 2553 293 2598 ἔχων
301 2553 382 2600 1-2)
391 2553 440 2603 πρό-

59 2605 112 2638 τερον
121 2600 287 2633 66611611116Β11-
295 2597 313 2646 3)
323 2600 339 2635 εἰ
345 2611 372 2633 om
378 2602 441 2634 AB.-

58 2637 70 2670 4
87 2641 115 2674 Sic
122 2644 165 2695 AB,
179 2647 245 2690 γέγονε
253 2647 285 2680 ei]
298 2646 343 2688 ung.
353 2647 391 2690 seq.
400 2649 441 2681 arti-

60 2685 107 2719 culus
117 2700 127 2721 0
136 2690 207 2723 occessit
215 2702 235 2724 eu
242 2694 262 2726 A.
282 2693 310 2725 Ex
321 2692 441 2739 6016111γέγο-

59 2740 91 2765 νεν
98 2732 116 2765 in
127 2733 169 2776 fine,
179 2737 246 2781 γέγονε
254 2738 288 2770 BD
303 2748 317 2770 6.
330 2740 375 2781 vulg.
395 2739 441 2773 Inte-

58 2785 107 2815 grum
118 2781 210 2814 membrum
220 2784 250 2816 καὶ
261 2781 293 2819 διὰ
305 2785 326 2817 τί
334 2786 401 2829 γέγονε
409 2797 441 2819 om.

58 2820 278 2871 1)·“5)οὐ1”1105“9“1
289 2829 310 2862 D.
320 2848 344 2853 —
355 2828 373 2875 [1)
383 2832 399 2864 εἰ
407 2831 441 2865 des.

57 2876 76 2898 111
85 2868 105 2909 Β,
119 2870 186 2914 subseq.
197 2874 265 2914 negatio
278 2870 301 2907 οὐ
313 2886 347 2908 nou
358 2879 383 2909 est
394 2876 412 2910 in
420 2877 441 2910 D.

471 2149 533 2182 Totum
544 2148 638 2182 membrum
649 2150 680 2183 aul
691 2150 708 2184 εἰ
720 2147 741 2183 οὐ
753 2146 855 2193 λυθήσεται1

471 2204 503 2226 om.
517 2195 537 2226 A.
551 2212 575 2218 —
590 2190 609 2238 ’1)
624 2196 640 2228 εἰ
653 2195 770 2239 recipiendum
784 2200 820 2229 erat
835 2207 855 2229 ex

471 2239 532 2281 BtGD,
546 2240 598 2272 Hom.
609 2240 624 2283 I,
636 2238 666 2283 11,
679 2245 738 2274 nostra
748 2242 796 2286 Epic.
808 2248 825 2276 ct
833 2242 854 2275 ai.

470 2295 496 2328 ap.
506 2285 542 2318 eor.
551 2303 575 2309 ψ
584 2282 604 2330 8)
613 2287 671 2331 vaurd
679 2298 711 2320 scr.
719 2289 740 2320 A.
748 2307 772 2312 -
780 2285 799 2333 9)
808 2288 854 2323 ἐπα-

470 2327 549 2375 γάγηται
557 2332 570 2365 (1
579 2333 625 2364 6161.
634 2342 660 2376 ap.
670 2333 736 2366 001-
743 2331 773 2379 10)
782 2331 817 2378 ἐγώ
824 2343 854 2367 eor

471 2378 532 2430 ⁰ffl3BJ
543 2373 581 2429 dcli
587 2379 661 2421 Πέτρος
668 2375 708 2423 (om¹
714 2380 789 2425 Πέτρος
794 2376 854 2423 Ηο111,)

469 2433 524 2468 προς
535 2433 593 2456 ταυτα
609 2420 733 2470 ἀπεκρίνατο·
755 2421 855 2471 συντόμως

470 2476 501 2500 σοι
510 2469 524 2499 ὠ
534 2478 552 2511 p.
563 2465 573 2501 ὁ
586 2466 607 2501 dt
620 2471 640 2502 τί
650 2470 703 2502 ταυτὶ
710 2466 796 2513 βούλεται
804 2494 854 2503 .....

469 2509 614 2561 ἐπαναγάγηται,
623 2515 654 2547 καὶ
662 2512 763 2560 συντόμως
771 2512 806 2561 ἐγώ
817 2527 854 2556 σοι,
893 2550 896 2559 ,

470 2555 536 2602 ἔλεγεν,
547 2559 620 2592 uiHom.
627 2560 639 2591 l.
648 2569 673 2601 6.,
684 2564 743 2593 nostra
751 2562 799 2606 Epic.
809 2566 826 2596 et
833 2562 855 2596 61.

470 2613 496 2647 ap.
504 2604 540 2636 Cot.
548 2622 572 2628 —
580 2602 610 2648 11)
619 2601 641 2638 τὰ
650 2604 671 2639 δὲ
679 2605 715 2640 νῦν
725 2618 742 2651 p,
751 2609 782 2641 aut
791 2605 812 2640 ni
822 2607 855 2642 νῦν

470 2649 530 2691 ABG,
542 2647 564 2683 τὰ
578 2649 614 2684 νῦν
626 2649 647 2684 di
658 2652 680 2684 D.
695 2652 795 2686 Lectiouem
809 2654 855 2694 vulg.

470 2695 522 2728 habes
530 2696 581 2728 etiam
589 2695 607 2728 iu
615 2697 667 2730 Hom.
676 2698 687 2731 l.
696 2708 710 2731 6.
719 2702 736 2732 61
743 2699 855 2743 nostraEpit.

506 2742 546 2786 Gap.
563 2742 620 2775 XVH.
653 2740 671 2788 1)
692 2744 721 2777 Sic
740 2744 816 2777 dedimus
836 2755 856 2777 cx

470 2787 521 2820 1301)
536 2788 626 2832 616161).
640 2789 676 2822 Cot.
693 2789 788 2823 faventibus
804 2791 856 2823 Hom.

470 2833 484 2874 I,
494 2832 516 2866 18
525 2834 668 2878 611106116ΕῙ111,
680 2835 728 2878 καλῇ
739 2836 775 2869 sine
787 2847 825 2878 neg.
834 2833 856 2869 οὐ

471 2879 491 2920 A,
505 2879 550 2911 uude
564 2882 620 2912 ortum
632 2880 699 2915 videtur
711 2880 758 2928 κακῇ
774 2881 819 2923 vulg.
833 2899 856 2904 —-
