1827 3065
334 127 438 161 rrrrouc
450 128 547 162 narrar.
794 117 837 159 209

48 231 115 270 cuncta
126 224 150 261 de
163 235 185 260 eo
197 224 249 260 nrala
260 225 337 270 protuli.
362 224 446 263 Obsecro
458 238 495 276 ego
506 239 540 263 vos
552 227 603 273 ipse,
612 225 645 271 qui
654 225 695 262 odii
701 225 762 261 vestri
771 230 838 263 contra

13 288 17 303 ’-
47 288 87 315 cum
95 271 162 308 noxius
172 282 213 304 sum
221 275 293 313 auctor,
302 275 324 305 ut
332 271 353 305 id
361 272 467 319 deponatis.
491 273 541 310 Nam
549 272 588 309 Dei
599 272 636 307 filii
644 271 677 318 qui
685 275 764 318 propter
771 273 838 308 mundi

12 331 13 334 ’
48 323 126 359 salntem
135 315 232 363 apparuit,
241 316 279 351 iste
288 320 318 351 est
326 328 381 352 verus
390 330 401 353 a
416 318 494 353 ostolus.
518 319 639 366 Quapropter
646 321 667 354 'e't
675 317 717 364 ipse
726 317 807 361 suadeo,
816 322 838 353 ut

48 370 64 405 ei
73 363 154 402 credatis
163 361 226 405 iniis,
236 362 259 397 de
268 361 337 407 quibus
346 373 391 408 prae
406 364 546 410 icat‘alioqutn
555 364 742 411 oppidum‘vestrum
750 363 837 399 funditus

47 410 120 462 peribit.
136 407 208 443 Verum
217 407 267 442 enim
275 418 320 443 vero
330 408 378 443 scire
386 420 420 444 vos
428 409 483 453 volo,
495 422 528 445 cur
535 410 584 446 haec
594 409 693 446 confitear.
717 408 757 444 Dei
764 407 838 456 Angeli

47 470 74 495 uic
86 454 173 500 impium,
187 453 238 487 cuod
249 452 337 488 inimicus
350 464 412 489 essem
419 454 486 491 nuntio
494 456 592 500 veritatis,
601 456 638 491 hac
646 455 837 491 noctevehemeuter

48 500 173 549 flagellarunt.
217 502 267 533 ortor
280 510 325 546 ergo
336 510 360 534 ne
372 500 472 546 recipiatis
480 512 519 545 me,
529 502 605 537 etiamsi
613 501 661 538 alias
671 500 752 537 veniens
759 500 837 536 Petrum

49 545 154 586 calumnier.
179 543 277 580 Confiteor
286 546 337 580 enim
345 544 410 580 vobis:
423 550 499 595 egomet
507 547 548 592 ipse
558 560 599 582 sum
606 559 683 595 magus,
694 558 730 593 ego
740 547 837 600 deceptor,

48 605 81 642 ego
93 589 239 641 praestigiator,
253 589 287 625 sed
299 590 387 635 poenitet
395 602 430 626 me.
455 590 488 627 stc
496 591 560 628 forsan
569 593 625 637 licet,
635 596 717 639 peccata
724 604 778 639 prius
787 603 799 627 a
807 603 838 627 me

49 637 147 676 commissa
155 635 278 682 poenitentia
287 635 357 671 delere.

92 691 149 728 CXL.
173 691 228 727 Haec
241 704 283 727 cum
295 695 351 738 pater
360 691 438 738 publice
447 693 503 738 quasi
512 704 534 728 ex
543 706 625 739 persona
633 694 716 730 Simonis
726 694 808 729 dixisset
816 697 837 730 et

48 743 123 778 Petrum
134 737 243 780 laudasset,
256 737 365 775 universam
376 736 543 774 Antiochiensium
553 740 651 775 civitatem
663 741 689 776 ad
696 740 750 775 illius
762 739 837 775 deside-

48 788 93 822 rium
102 783 201 819 convertit.
224 783 250 818 Et
261 794 285 818 ex
292 793 320 825 ico
328 786 414 829 ternpore
423 788 502 819 cunctos
512 788 577 830 optare
585 786 699 821 nuntiarunt
710 796 753 820 eum
761 785 837 830 videre,

48 829 147 868 nonnullos
160 829 219 864 etiam
230 829 254 864 ob
266 828 346 863 nimium
357 828 377 863 in
388 828 466 864 Petrum
477 841 559 865 amorem
571 831 592 865 in
605 842 648 866 eum
660 831 769 867 saevientes
780 834 803 865 ut
816 831 837 865 in

49 877 148 919 Simonem,
158 874 206 909 adeo
212 886 279 909 manus
287 874 366 910 iniicere
374 875 425 910 velle
431 874 504 911 Fausto
511 881 532 910 ut
539 874 616 911 Simoni.
629 876 671 918 Qua
675 880 754 923 propter
759 876 837 920 timens,

49 934 71 958 ne
78 920 207 967 perimeretur,
216 931 251 964 per
258 920 344 966 legatum
353 931 365 955 a
372 920 429 956 Petro
437 921 501 967 petiit,
512 924 534 955 ut
543 932 585 956 eum
593 923 737 957 nancisceretur
745 922 810 956 vivum
819 925 838 956 et

49 969 67 1003 in
72 966 137 1001 urbem
144 964 240 1009 desiderio
247 965 299 999 illius
306 965 419 1012 flagrantem
425 970 530 1012 opportune
539 966 657 1002 adventaret.
671 967 745 1009 Quibus
752 966 837 1013 cognitis

5 1016 7 1018 ’
49 1013 114 1048 Petrus
129 1011 154 1046 ad
169 1010 313 1045 deliberandum
327 1012 347 1045 in
361 1011 453 1046 concione
467 1011 611 1047 multitudinem
623 1012 697 1059 coegit,
713 1016 733 1047 et
745 1012 836 1058 episcopo

3 1098 8 1101 χ
49 1057 134 1094 ordinato
143 1059 244 1102 postquam
255 1067 289 1101 per
300 1059 339 1091 tres
352 1056 392 1091 dies
403 1056 513 1092 Laodiceae
521 1057 654 1103 baptizaverat
662 1061 720 1102 atque
729 1060 837 1101 sanaverat,

5 1114 6 1117 ’
51 1103 74 1139 ad
81 1101 165 1136 vicinam
173 1100 299 1137 Antiochiam
306 1112 386 1148 pergere
394 1103 509 1148 properavit.

85 1157 162 1201 CXLI.
185 1157 211 1191 Et
228 1158 306 1203 quidem
322 1170 365 1203 cum
381 1158 488 1205 adurbem
504 1158 625 1204 pervenisset
640 1158 741 1192 universus
757 1157 839 1203 populus

49 1214 148 1241 accsurens
158 1215 200 1238 cum
209 1203 280 1248 gaudio
288 1203 351 1248 ipsum
360 1198 436 1248 excepit
447 1207 538 1249 tanquam
546 1202 635 1238 veritatis
643 1214 758 1248 praeconem
767 1206 787 1238 et
795 1214 839 1249 apo-

50 1250 123 1285 stolum.
147 1248 240 1283 Precibus
249 1252 313 1283 autem
321 1248 369 1283 fusis
378 1252 398 1283 et
406 1247 495 1283 manibus
504 1258 561 1294 super
570 1259 602 1283 eos
608 1248 679 1293 positis
687 1248 783 1283 universis
789 1248 839 1283 male

2 1310 5 1321 τ
49 1293 163 1330 habentibus
173 1293 240 1328 attulit
248 1293 372 1336 medicinam,
385 1304 465 1338 cumque
474 1294 603 1331 unumDeum
611 1294 632 1327 in
640 1294 702 1328 tribus
710 1293 798 1339 personis
808 1304 840 1329 au-

3 1359 5 1361 ·
49 1339 160 1375 nunciasset
168 1338 293 1384 pluribusque
303 1350 335 1375 eos
345 1339 368 1373 de
375 1339 431 1373 unius
440 1339 523 1374 numinis
532 1338 643 1384 principatu
651 1338 755 1383 docuisset,
764 1338 790 1374 ad
797 1338 841 1374 hos-

5 1395 7 1397 ’
49 1385 117 1432 pitium
123 1383 223 1419 abivimus.
234 1383 350 1431 intelligens
358 1386 422 1419 autem
428 1387 555 1430 paternoster
561 1384 669 1430 apostolum
676 1384 751 1428 adesse,
758 1385 841 1419 accurrit

3 1436 6 1466 ἱ
49 1442 71 1467 ac
79 1430 163 1476 vestigia
171 1430 212 1465 eius
221 1431 319 1465 osculatus
328 1433 358 1465 est
365 1441 445 1476 rogans,
458 1434 481 1465 ut
489 1433 557 1466 sancto
565 1429 662 1476 baptismo
672 1433 840 1473 consummaretur,

2 1505 5 1520 2,
50 1488 84 1523 quo
97 1477 195 1522 antiquam
206 1476 281 1510 animae
290 1475 440 1521 pulcritudinem
454 1478 474 1511 et
487 1475 568 1511 formam
580 1476 663 1522 corporis
676 1475 733 1510 simul
745 1475 841 1521 reciperet

2 1544 6 1560 :r
51 1525 115 1557 sancto
123 1521 229 1568 baptismo,
241 1520 333 1567 fieretque
341 1521 439 1567 particeps
447 1521 603 1557 intemeratorum
612 1524 632 1556 et
639 1520 759 1557 vivificorum
768 1520 841 1556 Christi

3 1583 6 1608 ς
49 1567 187 1614 mysteriorum.
210 1566 239 1602 Ao
251 1567 320 1602 Petrus
331 1567 356 1602 ad
368 1578 411 1602 eum
422 1567 480 1602 dixit:
500 1566 595 1602 Dominus
607 1571 673 1602 noster
684 1567 739 1602 Iesus
753 1566 840 1601 Christus

1 1652 3 1654 ,
49 1612 87 1649 Dei
94 1612 146 1648 filius
156 1612 214 1647 dixit:
229 1614 267 1654 ana'
277 1613 378 1648 crediderit
388 1619 405 1648 ct
416 1614 519 1658 baptisatus
526 1614 589 1657 faerit
599 1613 662 1647 solvus
674 1613 710 1647 erit
717 1619 734 1647 et
741 1612 841 1647 secuudum

2 1666 5 1704 j
46 1659 342 1704 fidemluoraficttibisz'catads.
362 1656 392 1692 Ac
400 1659 461 1693 multa
468 1658 508 1693 alia
516 1656 540 1693 ex
548 1657 619 1692 (livinis
629 1657 707 1704 scriptis
717 1668 760 1692 eum
768 1657 840 1692 docuit.

49 1703 78 1740 Ac
86 1715 154 1784 vpsper
163 1715 205 1738 oum
213 1704 291 1739 adesset
300 1703 343 1739 cibo
352 1707 426 1750 smmpto
435 1703 499 1738 Deum
507 1702 608 1738 laudantes
621 1705 679 1749 atque
688 1706 764 1738 orantes
774 1714 840 1738 somno

51 1762 85 1786 uos
108 1761 188 1785 cimus.

96 1805 175 1841 CXLII.
200 1804 295 1851 Sequente
311 1816 356 1840 vero
374 1804 405 1840 die
421 1805 490 1840 Petrus
506 1804 575 1840 iterum
590 1805 684 1840 maturius
701 1816 782 1852 surgens
799 1815 842 1840 oum

3 1892 5 1894 ,
51 1855 129 1895 orasset,
138 1854 192 1897 patre
200 1862 239 1886 una
246 1850 347 1886 uobiscum
355 1850 449 1886 accersito
459 1850 516 1885 dixit:
527 1849 600 1894 Hodie,
608 1850 688 1893 tratres,
697 1862 788 1897 magnum
797 1862 843 1897 gau·

51 1898 102 1932 dium
118 1898 188 1931 orietur
201 1896 222 1930 iu
240 1896 294 1931 caelo
308 1899 385 1942 propter
399 1896 485 1931 divinum
498 1907 567 1930 munus
581 1896 715 1932 renascentiae
727 1895 775 1932 boni
791 1896 843 1931 senis

1 1953 3 1955 ’
50 1941 123 1978 Fausti.
148 1940 233 1987 Cumque
244 1953 279 1977 nos
291 1940 428 1987 assumpsisset
439 1941 513 1988 egressi
525 1953 589 1976 sumus
598 1941 623 1976 ad
633 1941 677 1978 loca
686 1941 788 1977 orientalia
797 1941 843 1977 civi-

50 1988 96 2024 tatis
105 1987 139 2023 ubi
148 1993 192 2022 sunt
200 1998 261 2033 aquae
269 1999 337 2032 pmae,
347 1987 446 2033 solumque
453 1991 528 2040 patrem
533 1991 620 2022 nostrum
627 1987 706 2023 seorsim
713 1998 789 2023 sumens
795 1987 843 2022 mul-

2 2056 4 2058 *
51 2034 114 2079 tisque
123 2033 226 2068 instituens
235 2033 351 2079 tradensque
360 2032 390 2067 illi
399 2033 506 2069 doctrinam
513 2033 536 2068 de
545 2032 588 2068 Deo
595 2033 674 2079 eiusque
680 2033 701 2067 in
709 2044 765 2068 carne
774 2032 800 2067 ad
807 2044 842 2067 nos

52 2079 136 2115 adventu
143 2078 250 2124 baptizavit
259 2089 301 2113 eum
310 2078 415 2114 innomine
423 2078 483 2124 patris
492 2082 512 2114 et
520 2077 558 2113 filii
567 2081 586 2113 et
595 2078 674 2123 spiritus
683 2078 752 2121 saneti,
762 2088 843 2123 cumque

0 2154 4 2165 ,,
51 2136 119 2170 panem
127 2123 242 2170 accepisset,
251 2124 324 2170 gratias
333 2124 407 2170 egisset
415 2136 438 2159 ac
446 2124 578 2160 benedixisset
586 2134 649 2167 sacra,
662 2123 777 2158 intemerata
785 2125 843 2168 atque

52 2170 129 2206 vivifica
136 2169 229 2215 mysteria
238 2171 256 2205 ei
265 2169 376 2215 impertivit.
391 2170 417 2204 Et
425 2169 497 2216 pariter
506 2169 571 2204 cuncti
578 2171 638 2203 noctu
646 2180 669 2204 ao
676 2168 762 2203 interdiu
771 2167 844 2203 exulta-

0 2224 4 2255 ξ,
52 2214 117 2251 bamus
126 2216 147 2251 in
157 2214 241 2251 Domino
251 2215 274 2250 de
285 2215 346 2260 patris
355 2215 416 2250 nostri
426 2214 572 2261 regeneratione
582 2225 635 2249 sacro
644 2213 763 2260 baptismate
771 2213 844 2249 instau-

2 2384 5 2391 ,-
53 2355 71 2388 in
86 2356 137 2389 Hom.
154 2356 198 2397 XX,
218 2353 246 2387 19.
266 2372 288 2376 -
309 2352 327 2398 7)
347 2366 380 2399 μοι
398 2364 430 2386 om.
460 2350 845 2394 —4)Mnc.1ss,tt.ulaal1.9et15.-

55 2401 74 2434 0.
460 2395 479 2442 5)
488 2399 518 2431 καὶ
527 2408 559 2429 om.
568 2399 581 2430 Ο
591 2402 608 2430 et
616 2399 662 2431 Mon.

99 2447 139 2490 Cap.
149 2447 200 2479 CXL.
218 2443 236 2491 1)
246 2442 280 2480 τὸν
288 2443 359 2478 ἐκείνου
368 2441 432 2477 πόθον

1 2502 4 2533 ᾗ
54 2489 164 2536 upra-2)
173 2494 199 2523 Ita
207 2491 273 2532 corrigo
281 2490 371 2522 lectionem
381 2489 432 2523 Codd.
497 2488 537 2531 Cap.
547 2487 616 2520 CXLII.
641 2486 659 2532 1)
673 2485 844 2532 ἱὶμαὸὲΟθῒΡῑιτ.

0 2539 2 2541 ’
55 2534 161 2575 advrsu-
176 2534 194 2573 3)
210 2537 258 2571 idcir
271 2536 317 2568 deest
327 2536 346 2567 iu
357 2536 376 2567 Ο.
390 2535 434 2567 Tum
462 2530 586 2577 elnon—2)
597 2529 656 2566 iidata
664 2529 845 2578 aolidzuiaadapc'c

41 2583 92 2615 'Pan
109 2579 232 2627 ἐπήγγελλον,
252 2582 281 2614 sed
300 2577 367 2625 ἀπήγγ,
384 2580 434 2612 etiam
464 2579 635 2618 detructum,
648 2573 846 2613 &circumlatrante

0 2629 3 2633 ’
55 2628 99 2661 Mon.
107 2626 157 2672 -4)
167 2627 194 2672 τῴ
203 2623 286 2670 Φαύστῳ
296 2626 363 2659 OMou.
372 2627 388 2657 et
396 2626 435 2658 Par.
464 2619 537 2666 καθαρὰ
548 2623 595 2668 Epic.
607 2633 621 2656 o.
634 2620 673 2656 142,
685 2641 709 2646 —-
722 2619 739 2663 3)
753 2623 788 2656 τοῦ
798 2624 847 2658 θροῦ

1 2690 3 2692 -
55 2670 274 2720 -5)ὀρμήσεινοιυ.0,
287 2671 435 2705 sedhabetetiam
465 2670 550 2702 OetPar.
563 2665 693 2701 elnon—4
712 2670 809 2702 trilono
823 2688 847 2693 -

0 2744 1 2747 ,
55 2719 93 2752 Par.
465 2712 602 2760 blacterant
614 2711 691 2747 0.-6
713 2714 748 2749 τοῦ
759 2715 846 2760 Χριστοῦ

90 2765 199 2809 CapCXLl.
223 2762 240 2803 tl
253 2760 285 2802 τὰς
295 2766 361 2808 χεῖρας
373 2758 437 2800 αὐτοῖς
482 2762 574 2805 υστηρίων
593 2760 606 2793 Ο
625 2763 642 2793 et
662 2762 709 2802 Mon.
732 2764 749 2794 ct
769 2762 808 2793 Par.
824 2779 848 2784 —

56 2811 139 2844 ord.0et
150 2812 197 2843 Mon.
212 2807 264 2855 -2)
277 2809 312 2843 τοῦ
326 2808 436 2853 Χριστοῦθ
465 2774 488 2855 qt)
502 2804 551 2854 ὁμοῦ
567 2817 599 2839 om.
616 2806 646 2847 V,
661 2808 701 2839 Par.
718 2810 735 2840 et
750 2808 797 2840 Mon.
814 2818 847 2839 om.

57 2866 94 2889 oum
101 2858 140 2890 Par.
150 2857 219 2889 etMon.
227 2875 250 2880 —
258 2853 276 2900 3)
286 2852 296 2889 ὁ
305 2867 337 2889 om.
347 2854 436 2888 OetMon.
467 2856 506 2888 οὐν.
518 2870 541 2875 -
552 2848 571 2897 8)
582 2849 707 2898 ἀγαλλόμενοι
720 2853 733 2885 0
746 2853 816 2886 etMon.
825 2870 848 2877 -·

729 2922 746 2946 14
