1827 3065
348 91 452 125 arrroun
464 93 562 126 nerana
809 81 849 124 151

64 212 104 241 eum
115 207 151 243 ego
163 201 285 240 properarem
297 190 322 226 ad
333 195 412 238 gentes,
425 203 473 237 quae
484 192 555 229 multos
568 193 621 229 Deos
632 195 730 234 asserunt,
742 195 765 226 ut
776 193 850 238 praedi·-

14 242 16 244 ’
64 255 123 286 narem
131 251 154 276 ac
167 239 255 274 docerem
266 248 324 272 unum
335 247 377 272 esse
385 237 448 272 Deum
456 237 476 273 in
487 238 548 275 tribus
559 238 648 286 personis
657 240 763 273 creatorem
773 238 822 274 coeli
831 243 851 274 et

64 299 122 331 terrae
136 284 266 329 omniumque,
279 293 328 328 quae
341 282 361 317 in
373 282 397 317 iis
407 283 537 330 eontinentur,
550 297 587 331 quo
597 284 686 320 homines
695 282 768 319 dilecto
777 295 799 320 eo
807 296 850 331 pos-

17 331 18 334 *
65 338 105 375 sent
113 332 194 368 salutem
203 329 304 374 consequi,
316 328 443 375 praeveniens
456 329 543 366 diabolus
552 331 650 368 Simonem
657 328 768 377 praemisit,
779 334 802 365 ut
808 341 851 377 per-

11 402 13 404 *
65 380 150 421 suaderet
160 373 270 410 hominibus
283 373 358 409 cunctis
369 373 432 409 colere
444 374 499 420 deos,
511 377 593 421 quinon
606 380 659 420 sinit,
672 379 732 421 utque
740 380 852 411 recusarent

8 440 11 464 ζ
24 425 25 429 ’
64 425 138 466 credere
149 421 238 456 inunum
249 418 321 464 Deum,
334 419 367 465 qui
378 419 467 455 universa
478 422 564 457 condidit
574 427 615 458 tum
623 421 720 465 visibilia,
732 424 773 456 tum
784 421 851 457 invisi-

63 472 113 511 bilia.
136 466 210 502 Idcirco
222 468 298 511 oportet
309 476 340 501 me
352 464 390 500 cito
404 466 481 512 assequi
490 478 542 511 eum,
553 479 578 503 ne
587 468 676 504 doctrina
685 466 768 503 Simonis
778 467 850 503 diutius

13 520 22 558 3]
64 516 160 555 immorata
167 521 233 547 omnes
241 510 319 557 penitus
327 511 412 546 invadat.

106 573 178 611 XLIII.
203 571 265 614 Quare
278 584 359 609 neeesse
374 576 413 617 est,
426 573 496 619 aliquis
508 587 542 620 pro
556 588 586 612 me
600 576 664 612 locum
677 587 741 612 meum
755 576 850 629 suppleat.

64 626 124 669 Atque
136 619 202 655 cuncti
209 618 273 654 Deum
281 619 356 661 intente
364 629 445 664 oremus,
454 622 475 653 ut
486 631 528 655 eum
537 621 569 666 qui
578 621 647 668 dignus
656 621 682 657 sit
690 622 744 657 Deus
754 621 850 669 designet.

8 701 15 707 ,,
65 669 134 714 Quibus
144 665 201 700 dietis
210 664 302 711 imposuit
310 675 387 699 manum
393 664 492 700 Zacchaeo
501 669 520 700 et
526 667 563 701 ait:
573 665 624 702 Here
632 667 708 702 domine
714 670 771 714 pater
777 667 850 703 domini

65 715 137 760 Deique
148 722 172 746 ac
183 709 288 746 Salvatoris
299 709 361 744 nostri
371 709 417 745 Iesu
429 709 501 745 Christi
513 723 547 757 per
562 712 650 758 spiritum
661 716 716 747 tuum
727 716 815 748 sanetum
827 724 850 749 ac
905 712 907 714 ’

65 757 179 799 adorabilem
190 759 213 790 tu
223 755 273 791 hunc
281 758 345 799 tuere,
354 755 387 800 qui
394 759 461 801 pastor
469 756 494 791 sit
501 757 569 803 populi
576 757 614 809 tui,
623 769 678 804 quem
687 758 771 805 elegisti.
795 759 850 794 Haec

64 806 95 843 ubi
104 803 183 838 dixisset
192 800 217 836 ad
224 801 316 847 populum
328 799 380 835 infit:
394 800 507 847 Quicunque
515 802 541 838 ba
554 802 610 838 tizan
618 803 683 847 vultis,
693 814 717 838 en
726 803 810 839 crastino
819 804 850 839 die

7 848 13 892 >s
64 852 145 887 ieiunare
154 846 240 893 incipite.
264 846 312 881 Post
320 849 359 881 tres
368 849 432 882 autem
441 846 482 881 dies
491 858 538 882 cum,
559 848 643 895 aptinme
656 848 762 895 coepisset,
773 850 851 885 vocavit

13 926 14 929 ,
64 908 92 934 mc
101 894 225 937 Clementem,
233 890 325 938 Aquilam
334 895 353 927 et
360 891 450 928 Nicetam
458 904 481 928 ac
490 892 548 928 dixit:

10 978 11 982 =
106 954 176 991 XLIV.
201 954 274 1001 Tyrum
282 954 401 1000 profecturus
410 958 456 1000 post
464 958 538 1001 septem
547 956 588 991 dies
596 955 639 991 rolo
646 967 679 991 vos
687 956 753 991 statim
760 956 820 1000 abire,
831 961 851 993 et

7 1002 24 1044 js
65 1002 112 1050 apud
126 1000 260 1036 Chananaeam
274 1000 387 1035 Berenicem
402 1000 468 1036 Iustae
484 1000 544 1036 filiam
557 1002 605 1037 clam
618 1000 721 1047 hospitari,
736 1005 794 1047 atque
808 1002 850 1037 dili-

7 1052 13 1078 ?
78 1052 129 1084 enter
140 1057 182 1081 eam
194 1045 303 1091 percontati
313 1046 360 1080 mihi
370 1046 498 1092 perscribere,
511 1058 559 1091 quae
575 1047 600 1082 ad
612 1045 708 1081 Simonem
721 1048 851 1091 pertinebunt.

65 1062 181 1138 Cuapropter
188 1091 266 1126 iamiam
275 1102 370 1137 cumpace
382 1092 457 1138 uergite.
469 1090 538 1136 Itaque
546 1091 656 1127 deserentes
664 1102 706 1125 eum
711 1091 850 1137 baptizantem,

65 1137 220 1186 quemadmodum
232 1136 323 1179 iusserat,
335 1137 356 1171 in
384 1148 439 1183 yrum
450 1135 567 1172 Phoeniciae
579 1135 719 1182 praecessimus
731 1147 779 1171 eum.
804 1136 852 1172 Cae—

9 1191 16 1202 ²
65 1194 115 1220 sarea
127 1193 172 1227 ergo
184 1180 280 1217 Stratonis
294 1192 383 1227 egressus
395 1193 431 1228 ego
444 1180 532 1217 Clemens
549 1181 643 1226 simulque
655 1180 736 1216 Nicetes
749 1185 768 1216 et
779 1180 852 1228 Aquila

65 1231 133 1275 Tyrum
144 1227 261 1263 Phoeniciae
272 1228 356 1273 profecti
365 1239 438 1270 sumus,
451 1230 471 1262 et
480 1227 533 1262 iuxta
540 1226 594 1261 Petri
602 1226 723 1269 mandatum,
733 1227 766 1272 qui
773 1227 853 1264 miserat

64 1286 106 1317 nos,
116 1272 211 1318 hospitati
223 1284 287 1307 sumus
302 1275 353 1318 aliud
366 1272 481 1308 Berenicem
494 1271 560 1307 Iustae
576 1271 704 1307 Chananaeae
716 1270 787 1317 filiam,
803 1284 851 1319 quae

64 1319 194 1355 lubentissime
202 1330 237 1353 nos
246 1319 335 1363 suscepit.
358 1317 383 1352 Ei
391 1320 456 1353 autem
468 1317 559 1360 diximus,
572 1316 623 1363 quod
635 1316 700 1353 Simon
708 1329 776 1365 magus
785 1318 805 1353 in
814 1318 852 1353 dis-

88 1364 169 1408 ttione,
182 1374 238 1409 quam
250 1375 292 1398 eum
304 1362 380 1400 domino
394 1366 459 1398 nostro
470 1362 529 1398 Petro
542 1362 647 1399 Caesareae
659 1361 736 1407 habuit,
751 1367 852 1409 superatus

102 1420 165 1455 imque
176 1408 279 1456 aufugiens
289 1408 322 1444 hic
334 1409 396 1444 multa
407 1411 505 1455 perpetrat
517 1408 573 1444 mala.
596 1408 622 1443 Et
637 1408 717 1443 Petrum
733 1409 852 1444 calumnians

64 1455 162 1491 multorum
177 1454 249 1501 abripit
264 1454 343 1490 animas.
367 1454 417 1491 Nam
434 1466 476 1490 cum
492 1454 534 1500 ipse
551 1454 577 1488 sit
592 1465 669 1500 magus,
685 1454 762 1489 Petrum
776 1466 853 1501 magum

127 1503 156 1545 at3
169 1503 188 1536 et
197 1500 290 1547 cumipse
299 1500 325 1535 sit
333 1500 434 1546 impostor,
447 1500 570 1547 impostorem
580 1499 635 1535 illum
643 1500 750 1546 proclamat
759 1513 763 1545 3
772 1511 852 1547 cumque

64 1546 221 1627 prelisputatione
231 1557 266 1594 per
277 1546 341 1582 omnia
352 1546 394 1593 ipse
404 1546 468 1582 vietus
480 1546 560 1582 cesserit
571 1556 594 1581 ac
603 1544 684 1593 fugerit,
695 1545 767 1582 vicisse
779 1557 799 1582 se
810 1558 852 1593 pro-

77 1595 132 1627 tetur.

107 1648 168 1685 XLV.
192 1649 218 1684 Et
227 1648 277 1684 dixit
289 1648 394 1684 Berenice:
409 1648 439 1684 Ea
450 1649 526 1694 quidem
535 1648 563 1683 ita
575 1660 595 1683 se
606 1648 686 1692 liabent,
700 1648 735 1683 sed
742 1648 816 1695 reliqua
828 1649 851 1684 de

65 1693 139 1730 Simone
153 1694 228 1730 audite:
241 1694 377 1740 phantasmata
388 1694 458 1740 quippe
467 1705 490 1730 ac
502 1693 604 1729 simulacra
615 1693 635 1729 in
643 1694 706 1729 medio
715 1693 756 1729 foro
765 1693 851 1739 quotidie

64 1740 166 1775 ostendens
178 1743 239 1776 totam
251 1739 382 1785 obstupefacit
394 1739 502 1784 civitatem,
519 1750 541 1775 eo
554 1739 605 1774 enim
616 1742 763 1785 pertranseunte
776 1743 851 1775 statuae

63 1789 160 1821 morentur
172 1789 191 1821 et
203 1785 275 1821 multae
285 1784 364 1820 umbrae
375 1785 490 1829 educuntur,
503 1795 550 1830 quas
564 1784 616 1831 ipsas
629 1784 677 1819 dicit
686 1795 728 1820 esse
737 1784 811 1820 animas
820 1784 851 1820 de-

64 1830 174 1867 functorum.
198 1829 271 1866 Multos
279 1842 340 1877 porro,
350 1831 383 1876 qui
392 1841 435 1865 eum
442 1830 611 1877 praestigiatorem
619 1829 720 1873 dicebant,
733 1842 776 1866 cum
783 1833 852 1877 postea

7 1884 17 1905 ’κ
64 1876 146 1912 convivii
156 1879 257 1922 praetextu
268 1876 371 1911 invitasset
379 1879 405 1912 'et
418 1875 486 1912 bovem
500 1879 606 1911 mactasset
617 1875 704 1923 ipsisque
715 1876 736 1911 in
747 1887 812 1912 escam
821 1876 852 1912 de-

64 1922 133 1966 disset,
145 1921 203 1957 variis
212 1921 283 1957 morbis
294 1922 401 1968 implicuit,
413 1921 576 1967 daemonibusque
586 1921 678 1965 subiecit,
690 1933 713 1957 ac
724 1922 795 1957 multos
804 1921 852 1957 affli-

64 1967 125 2014 gendo
135 1967 181 2002 deus
190 1979 232 2003 esse
242 1968 329 2003 creditur.
355 1967 449 2010 Quoeuea
456 1979 496 2003 non
506 1971 563 2013 puto,
575 1979 587 2003 a
598 1978 693 2013 quoquam
704 1967 770 2014 ignem
778 1971 853 2003 tantmn

4 2013 16 2060 μ,ζ
64 2024 164 2048 accensum
177 2024 235 2059 posse
249 2013 351 2059 exstingui.
376 2013 438 2055 Quare
452 2024 475 2048 ea
489 2013 561 2060 gratia,
577 2016 600 2048 ut
613 2025 647 2049 ros
661 2012 682 2048 in
695 2013 802 2059 periculum
814 2025 853 2049 non

64 2058 154 2103 veniatis,
168 2058 234 2095 hortor
246 2070 271 2095 ne
284 2059 387 2105 quidquam
401 2058 482 2094 tentetis
496 2058 588 2094 adversus
600 2069 652 2101 eum,
667 2062 770 2103 antequam
783 2058 853 2093 Petrus

65 2115 75 2138 a
89 2105 161 2140 ostolus
175 2105 259 2149 venerit,
274 2104 307 2151 qui
319 2116 362 2140 eum
374 2104 400 2139 sit
412 2103 484 2140 domini
496 2107 516 2139 et
527 2103 567 2139 Dei
579 2107 599 2139 et
614 2102 719 2139 Salvatoris
733 2103 795 2139 nostri
808 2102 854 2139 Iesu

65 2148 135 2228 d'hri-sti
146 2149 293 2196 probatissimus
306 2149 423 2196 discipulus,
434 2149 506 2197 poterit
518 2149 569 2186 solus
582 2151 648 2184 contra
659 2152 734 2184 tantam
745 2148 854 2195 potentiam

77 2206 159 2232 rmrcare.
495 2206 496 2209 ¹

65 2368 144 2402 electione
155 2373 206 2413 atque
214 2369 343 2410 inauguratione
352 2348 444 2411 episcopali
471 2364 490 2412 4)
505 2367 556 2400 Voce.
574 2364 664 2410 ζητήσεως
679 2365 775 2410 ἡττηθεὶς,
794 2379 854 2412 παρα-

66 2411 443 2457 CaesareaeHom.HI,53sqq.fusiusrefe-
469 2410 630 2466 quttaldffodqdc
642 2412 725 2447 ἐνταῦθα
737 2411 798 2447 πολλὰ
808 2411 854 2447 κακὰ

3 2451 13 2483 ’ἶ
65 2461 111 2500 runt,
123 2471 143 2493 ea
154 2461 211 2493 eodem
223 2461 257 2493 lere
268 2459 389 2493 sententiarum
399 2468 444 2491 nexu
473 2457 620 2503 drcnpuooewt'
633 2459 663 2492 καὶ
671 2457 765 2504 λοιδορῶν
773 2456 807 2493 τὸν
815 2460 854 2493 Πέ-

1 2509 12 2544 33}
65 2502 156 2548 iisdemque
169 2506 233 2550 passim
248 2506 304 2538 verbis
320 2505 366 2538 iufra
380 2505 401 2545 (e.
410 2500 443 2536 146
473 2514 518 2538 τοον
526 2503 624 2536 exciderunt
632 2503 724 2547 exemplari
732 2500 810 2549 0.-5]
820 2502 853 2538 ud-

66 2547 109 2594 sqq.)
123 2551 143 2584 de
156 2551 242 2584 Clemente
254 2553 322 2584 narrata
332 2550 394 2590 habes,
406 2560 444 2581 eum
473 2561 506 2587 τος
514 2559 546 2581 om.
556 2549 575 2581 0.
584 2567 607 2572 -
617 2546 635 2591 6)
643 2546 733 2594 κηρύσσει
742 2549 761 2581 0.

4 2604 10 2638 g
15 2600 20 2618 -’
66 2593 124 2629 Petrus
137 2608 174 2629 eum
186 2607 242 2629 coram
250 2596 328 2629 fidelibus
336 2597 399 2628 Romae
408 2595 444 2639 epi·
807 2634 808 2637 Ἴ

66 2649 135 2683 scopum
142 2642 218 2684 eligeret.
507 2639 547 2683 Cap.
560 2638 615 2672 XLV.
640 2635 657 2683 1)
673 2639 701 2672 Ita
716 2639 768 2671 etiam
783 2642 855 2684 uterque

0 2702 20 2722 ,·
101 2686 140 2730 Cap.
149 2688 212 2721 XLIV.
237 2685 255 2731 i)
266 2687 340 2732 μέλλων
351 2686 403 2719 Hom.
411 2685 443 2725 ΠΙ,
473 2685 524 2718 Hom.
533 2684 580 2727 Cod,
588 2682 644 2723 αὐτὸς
652 2685 694 2727 neg.
703 2694 730 2728 ap.
738 2685 774 2718 Cot.
784 2687 854 2729 etEpit.

7 2766 9 2768 r
66 2726 96 2770 733
105 2733 196 2778 μέλλοντί
202 2746 235 2780 μοι
244 2733 292 2777 Epit.
301 2743 315 2765 e.
324 2729 352 2765 44.
361 2750 384 2755 -
393 2727 411 2776 2)
424 2732 445 2764 In
473 2748 496 2753 —
504 2728 521 2773 2)
530 2731 627 2774 περιέλαβε
635 2730 654 2763 0.
661 2748 685 2753 —
692 2726 711 2774 3)
720 2727 802 2775 ὑπέβαλε
809 2732 856 2764 0,-

66 2785 118 2818 marg.
130 2778 197 2811 Codicis
209 2779 223 2811 Ο
234 2781 275 2811 nota
288 2774 379 2820 account,
390 2773 409 2817 ά,
424 2777 446 2810 ad
473 2774 491 2819 4)
503 2773 614 2822 νενόμισται
627 2777 646 2809 0.
660 2794 684 2800 -
697 2774 715 2818 5)
729 2778 759 2812 καὶ
771 2776 856 2824 σωτῆρος

67 2824 133 2857 oramV
142 2828 185 2858 καθ.
195 2820 212 2858 d.
221 2844 244 2849 —
255 2820 274 2868 3)
283 2821 387 2862 ὑπεδέξατο
396 2823 415 2856 Ο.
422 2841 446 2881 -ι-
474 2834 506 2855 om.
515 2822 534 2854 0.
