1827 3065
343 118 448 152 nrrroun
460 118 535 152 rmore.
810 107 839 150 63

49 252 87 282 trus
94 235 202 284 respondit:
217 232 238 268 si
245 243 284 266 una
293 242 336 266 cum
344 228 470 275 praenotione
479 229 617 265 concederetur
625 227 662 263 tibi
671 232 691 263 et
699 229 799 265 iudicandi
806 241 839 275 po-

49 292 108 327 testas
116 285 168 318 recte
177 279 197 314 id
205 278 287 320 faceres,
295 287 330 322 per
338 277 439 321 acceptam
447 275 524 321 quidem
532 277 652 322 potestatem
661 274 790 310 condemnans
800 285 839 319 eos,

61 345 94 370 uos
102 330 156 365 Deus
166 324 244 366 creavit,
251 334 286 368 per
292 319 438 368 praenotionem
441 332 488 365 ,vero
497 321 596 367 inculpate
603 320 624 355 in
630 319 734 356 iudicando
741 324 782 356 tum
789 320 838 356 alios

50 385 140 423 tanquam
151 372 213 406 iustos
222 367 332 411 absolvens,
341 369 383 400 tum
391 365 439 401 alios
448 369 539 413 tanquam
547 366 631 402 iniustos
641 365 740 402 damnans
763 366 790 401 Et
801 378 838 414 ego

5 447 9 454 0
51 423 97 461 dixi:
109 419 170 454 Recte
179 416 255 450 locutus
264 424 285 448 es
293 424 316 448 ao
324 422 379 455 rere3
387 410 430 446 fieri
438 412 489 447 enirn
497 413 570 459 nequit,
579 415 601 447 ut
610 411 643 458 qui
650 412 777 458 praenotione
787 415 839 447 cor-et

3 458 13 492 ⁴.
51 468 121 506 iudicet
134 464 193 497 recte.
216 458 316 493 Interdum
328 456 400 503 quippe
408 458 497 492 nonnulli
508 459 598 494 videntur
605 457 658 501 boni,
668 457 701 504 qui
709 458 780 494 illicita
789 458 840 493 clam

57 511 171 559 terpetrantJ
183 503 272 540 nonnulli
283 514 328 539 vero
341 501 388 537 boni
400 501 484 538 hostium
499 504 595 539 calumnia
608 503 655 540 mali
669 514 712 539 esse
729 504 839 539 credrmtur.
856 514 858 517 ·

0 556 2 558 ’
50 530 87 597 ted
95 560 114 592 ct
123 554 139 588 si
149 551 191 598 quis
200 552 298 596 potestate
307 548 411 592 torquendi
419 551 439 583 et
448 549 580 594 quaestionem
588 549 673 585 habendi
681 549 782 596 praeditus
790 549 840 584 iudi-

0 600 12 639 „22
51 608 88 647 oet,
103 608 164 644 neque
177 596 205 630 sic
214 594 286 641 poterit
294 593 370 629 omnino
380 593 431 628 iuste
439 593 530 630 iudicare.
555 594 637 636 Quidam
649 595 711 638 enim,
724 607 768 630 cunr
779 594 839 630 homi-

0 645 14 683 ff'
50 649 102 686 cidae
122 645 196 685 essent,
218 643 288 686 postea
306 638 425 685 quaestionis
442 641 538 675 tormenta
560 641 679 676 sustinentes
700 641 776 676 dimissi
795 644 840 675 sunt

49 694 101 730 velut
110 687 192 730 innoxii3
202 689 221 721 et
232 685 267 720 alii
274 696 339 720 rursus
349 684 382 730 qui
390 684 504 720 innocentes
513 689 573 729 erant,
586 698 628 721 cum
635 690 733 723 tormenta
741 686 791 723 ferre
800 698 839 722 non

49 737 165 787 potuissent,
178 732 260 777 ideoque
274 735 341 766 contra
352 741 372 765 se
383 730 460 765 mentiti
471 730 563 775 fuissent,
575 735 667 778 tanquam
677 732 706 767 rei
718 732 785 768 affecti
794 736 839 767 sunt

2 804 9 832 ,³
54 779 152 829 supplicio.

92 845 160 883 XCVI.
175 845 225 879 Tum
233 844 302 878 Petrus
310 842 375 889 Atque
383 843 440 888 haec,
448 844 517 890 inquit,
525 845 601 881 modica
608 849 662 890 sint,
670 845 769 881 audivero
777 845 839 880 maius

1 893 7 934 3]
50 894 149 943 quidpiam.
174 890 255 932 Quando
266 889 327 935 aliqui
338 888 426 924 homines
437 893 520 936 peccant
531 891 563 927 vel
574 890 624 926 bene
633 895 694 938 agunt
703 902 777 936 eorum,
790 901 839 937 quae

3 935 14 981 J.
50 942 158 988 operantur,
172 936 211 971 alia
218 935 303 981 ipsorum
311 935 387 981 propria
395 939 449 979 sunt,
458 936 498 971 alia
506 936 564 972 etiam
573 936 646 981 aliena,
658 947 740 983 aequum
748 948 793 973 vero
802 939 839 981 est,

49 992 198 1030 nninnquemque
209 992 243 1026 pro
256 980 334 1015 delictis
342 980 423 1027 propriis
433 981 477 1017 darc
485 993 564 1027 poenas,
573 985 606 1017 aut
614 993 648 1028 pro
656 987 709 1018 recte
718 982 776 1018 factis
785 993 839 1028 prae-

50 1027 165 1066 miodonari.
189 1026 242 1061 Fieri
250 1029 314 1061 antem
322 1037 361 1062 non
368 1029 474 1072 potest,ut
482 1027 578 1073 quispiam
589 1026 628 1062 nisi
637 1028 689 1062 solus
696 1027 797 1074 propheta,
806 1028 839 1080 qni

4 1078 15 1116 ᾖ*
49 1073 189 1123 praenotionem
199 1071 268 1115 habet,
281 1071 305 1107 ab
316 1071 380 1117 aliquo
393 1075 450 1118 gesta
466 1075 518 1107 certo
533 1072 591 1116 sciat,
604 1083 698 1118 quaenam
710 1074 787 1119 quidem
797 1084 839 1108 erus

49 1121 122 1168 propria
131 1119 175 1161 sint,
185 1128 278 1163 quaenam
287 1128 378 1153 veronen
387 1119 431 1152 sint.
454 1118 480 1152 Et
489 1129 526 1164 ego
533 1117 616 1160 Vellem,
625 1117 709 1163 inquam,
718 1118 793 1162 audire,
803 1129 839 1163 quo

0 1181 4 1205 ς
49 1167 102 1202 modo
115 1175 137 1199 cx
149 1162 259 1199 criminibus
271 1166 305 1198 aut
316 1174 339 1198 en
349 1162 406 1198 bonis
419 1162 508 1209 operibus
521 1163 560 1198 alia
568 1162 646 1208 quidem
654 1162 693 1197 sint
701 1164 788 1210 propria,
801 1164 840 1199 alia

3 1209 12 1252 J
49 1223 90 1247 vero
103 1210 171 1246 aliena.
195 1208 221 1243 Et
231 1208 300 1243 Petrus
312 1207 360 1243 mihi
373 1208 482 1254 respondit:
500 1208 596 1244 Dominus
607 1211 673 1243 noster
684 1208 739 1244 Iesus
751 1208 840 1244 Christus

5 1271 6 1274 ¹
50 1256 99 1291 filius
112 1254 151 1290 Dei
163 1254 220 1289 dixit:
243 1254 326 1300 Oportet,
338 1254 508 1299 respectantem,
520 1255 583 1298 trapa
591 1259 660 1299 catera,
669 1254 737 1300 inquit,
743 1267 779 1301 per
788 1267 840 1300 quem

56 1303 126 1337 rcm'aat.
155 1300 246 1336 Similiter
256 1312 327 1335 necesse
339 1304 372 1341 est,
384 1305 404 1334 at
416 1299 471 1334 ettam
482 1300 557 1335 actitant
567 1300 631 1342 malca-
642 1311 677 1334 coc
689 1305 749 1336 actem
760 1301 795 1343 illi,
804 1312 841 1346 per

61 1359 100 1382 ceta
107 1345 186 1381 perticat.
203 1345 261 1380 Porro
270 1344 287 1379 si
295 1356 329 1391 per
337 1344 397 1380 malos
406 1344 486 1380 veniunt
494 1345 551 1390 mala,
561 1347 581 1380 et
588 1356 623 1391 per
629 1344 691 1380 bonos
699 1345 750 1381 bona
756 1344 840 1381 inferun-

117 1402 159 1426 esse
166 1391 270 1436 unicuique
280 1393 364 1436 oportet,
374 1390 415 1426 sire
422 1390 494 1426 bonurn
503 1391 543 1426 sive
551 1391 722 1437 malunigesserit,
731 1394 753 1426 ut
762 1394 782 1427 et
790 1391 841 1437 quod

113 1439 135 1470 tu
144 1436 216 1471 dictum
224 1436 271 1471 fuit:
289 1437 325 1477 diti
332 1437 397 1471 reddet
404 1437 502 1482 actionique
509 1437 609 1471 recaredum
618 1437 728 1482 operactus,
741 1449 806 1472 verum
815 1437 841 1471 sit

113 1493 121 1516 s
133 1493 156 1516 ac
170 1481 276 1518 indubium.
301 1480 340 1517 Sed
353 1484 419 1517 tamen
431 1481 464 1527 qui
475 1481 566 1518 virtutem
580 1483 657 1517 omnino
671 1481 760 1528 affectat,
776 1482 840 1526 debet,

82 1554 83 1557 η
103 1526 204 1562 admodum
213 1527 262 1562 dixit
271 1527 369 1571 Christus,
381 1527 470 1569 inimicos
479 1538 554 1574 quoque
563 1527 658 1574 deligerc3
671 1531 691 1563 et
699 1532 799 1574 praeterea
806 1540 841 1587 pro

71 1573 86 1607 is
95 1583 153 1616 orare,
163 1576 182 1608 et
191 1573 345 1609 conviciantibus
353 1572 475 1617 benedicere,
485 1576 504 1608 et
512 1572 674 1609 calumniantibus
681 1574 794 1610 condonare.
808 1574 840 1610 bic

59 1618 97 1652 nim
106 1617 189 1665 (iligens
199 1619 235 1654 erit
241 1618 374 1654 mandatorum
383 1622 454 1662 custos,
463 1622 520 1664 atque
529 1618 586 1654 venia
592 1618 675 1654 omnium
683 1623 806 1665 peccatorum
815 1620 839 1655 ob

0 1667 10 1699 {I
49 1663 147 1699 caritatem
156 1675 202 1710 erga
209 1664 315 1710 proximum
324 1667 405 1709 accepta
414 1675 424 1699 e
433 1664 474 1699 vita
482 1664 575 1699 discedet.

6 1754 8 1768 1
91 1729 171 1766 XCVII.
194 1731 231 1766 His
243 1743 279 1779 ego
289 1731 360 1767 auditis
368 1730 451 1776 Reliqua
460 1731 546 1777 quidem,
555 1730 643 1776 inquam,
654 1731 720 1767 facere
727 1743 839 1785 possumus,

0 1788 5 1818 g
49 1779 67 1810 at
75 1776 157 1811 inimicis
165 1776 286 1820 benefacere,
296 1787 361 1812 omnes
369 1787 433 1811 eorum
441 1776 520 1812 iniurias
529 1777 636 1820 tolerando,
644 1780 666 1811 ut
675 1777 723 1812 insit
731 1777 840 1813 inhumana

0 1827 10 1868 ³²„
48 1825 119 1863 natura,
128 1822 247 1867 impossibile
255 1825 307 1868 puto.
332 1821 381 1856 Tum
389 1821 458 1857 Petrus
466 1822 576 1869 respondit:
589 1821 651 1857 Recte
659 1823 736 1858 locutus
745 1834 770 1859 es.
793 1822 840 1858 Cum

0 1886 7 1901 ÷-
49 1866 96 1901 enim
108 1867 216 1902 humanitas
230 1879 288 1903 causa
301 1867 326 1902 sit
341 1867 499 1911 immortalitatis,
507 1868 572 1902 multo
587 1871 671 1903 constat>
700 1868 751 1905 Nam
767 1868 783 1903 si
797 1869 841 1914 quis

49 1917 98 1947 certo
107 1912 144 1947 sibi
158 1913 274 1957 aersuadcat,
283 1912 371 1948 inimicos
380 1912 425 1947 dum
433 1924 480 1958 quos
489 1913 571 1949 oderunt
582 1917 654 1948 verant
662 1914 687 1949 ad
694 1917 780 1960 tempus,
793 1915 841 1950 libe—

1 1962 8 1974 *
48 1957 125 1993 rationis
138 1925 162 1993 ab
174 1962 251 1994 aeterno
263 1958 358 2004 supplicio
374 1957 414 1992 illis
426 1961 514 1994 auctores
526 1969 577 2002 esse,
594 1970 626 1994 eos
638 1962 731 2005 tanquam
741 1959 840 1996 beneficos

4 2004 5 2007 ’
49 2013 109 2038 amoro
118 2004 261 2048 complectetur.
285 2003 349 2040 Aliter
361 2006 426 2039 autem
434 2015 489 2040 nemo
499 2007 564 2051 potest
576 2003 612 2040 hoc
620 2007 733 2041 mandatum
740 2004 840 2052 perficere,

3 2059 5 2061 ·
48 2047 84 2081 nisi
94 2048 150 2084 valde
162 2049 226 2084 Deum
238 2050 308 2097 diligat
320 2052 340 2086 ct
352 2049 372 2084 in
380 2049 434 2084 illius
442 2050 510 2086 timore
523 2050 548 2085 sit
556 2049 663 2085 institutus.
687 2049 723 2086 Ait
732 2051 791 2086 enim:
800 2053 840 2087 raa·-
873 2060 876 2066 ’

0 2116 1 2119 ,
48 2093 92 2127 tium
100 2094 203 2139 capritanae
211 2096 267 2130 timor
274 2097 320 2131 oet.
345 2094 382 2137 Qui
393 2099 457 2131 autem
465 2095 533 2131 timore
541 2095 581 2130 Dei
591 2095 675 2130 imbutus
684 2096 749 2141 fuerit,
758 2096 784 2132 ad
793 2097 840 2132 cari-

47 2140 105 2173 tatem
117 2140 193 2175 omnino
205 2141 305 2187 perveniet
317 2140 422 2187 eodemque
433 2141 477 2177 loeo
485 2141 566 2177 habebit
573 2140 689 2187 proximum,
703 2153 740 2188 quo
750 2142 839 2188 seipsum.

0 2240 10 2259 3:
34 2241 179 2250 ,5—

0 2327 8 2352 ,ιἸ
49 2319 57 2340 e
74 2311 129 2353 priore
146 2316 248 2356 sequeretur.
270 2316 311 2348 θίαν,
327 2332 351 2338 ν-
369 2311 387 2358 3)
405 2312 427 2347 τὰ

0 2356 9 2396 [ἦ
49 2354 143 2390 adiunctum
155 2370 175 2391 ex
186 2360 245 2400 BOD,
257 2360 308 2393 Hom.
321 2360 365 2400 ΧΠ,
377 2356 428 2392 abac

0 2408 7 2418 -’
49 2403 105 2434 nostra
112 2403 159 2447 Epit.
165 2421 188 2427 —
194 2401 213 2449 4)
223 2403 256 2438 οὐκ
265 2406 313 2440 εἰσὶν
319 2407 338 2448 B,
348 2402 381 2438 οὐκ
390 2406 427 2439 eloi

49 2444 76 2498 Ol]
88 2450 104 2479 et
115 2452 173 2482 nostra
184 2451 231 2495 Epit.
242 2469 266 2474 -
279 2447 317 2495 5)7”1
328 2453 427 2496 κατορθω-

3 2533 5 2536 .
49 2502 111 2534 ματων
119 2494 226 2539 adsumptum
235 2508 255 2530 ex
262 2497 317 2538 nol),
325 2496 377 2529 Hom.
385 2496 397 2528 l.
406 2506 427 2537 c.,

1 2552 7 2561 -,
49 2539 105 2570 nostra
112 2539 159 2582 Epit.
169 2544 185 2573 et
193 2542 214 2575 al.
224 2553 250 2585 ap.
260 2542 296 2575 cot.
303 2561 326 2565 —
332 2538 350 2585 6)
359 2537 428 2585 τυγχά-

49 2590 76 2613 νει
83 2585 138 2627 recepi
147 2596 167 2618 ex
174 2586 191 2619 O.
199 2605 222 2609 —
231 2584 249 2631 7)
259 2588 294 2621 Vir
302 2586 402 2620 crediderim
410 2586 428 2618 in

0 2631 3 2643 ³
51 2629 140 2671 examplari
154 2632 253 2665 Ebionitico
270 2632 354 2665 Matthaei
366 2632 391 2664 ita
403 2632 428 2663 le-

8 2707 10 2709 .
51 2673 99 2704 ctum*
120 2674 234 2710 verisimilius
247 2678 289 2710 mihi
301 2678 368 2711 uidetur
380 2677 429 2709 citari

0 2759 2 2761 ‚
49 2713 147 2768 hic'tcrtum
155 2722 197 2763 loci,
210 2727 239 2755 aut
246 2724 303 2767 potius
312 2723 428 2756 collectionem

3 2802 9 2809 ,Υ
49 2759 146 2807 Ebronitm,
155 2768 204 2809 quasi
215 2769 285 2801 diceret:
297 2772 316 2802 ut
328 2768 371 2801 dixit
380 2769 428 2801 Chri-

49 2807 83 2839 Stus
99 2815 175 2853 oportere
190 2824 226 2846 csso
239 2814 327 2855 scandala,
340 2814 364 2846 sic
379 2814 429 2846 ctiam

50 2856 114 2892 oportet
130 2866 166 2890 csse
183 2858 235 2899 bona3
256 2863 272 2892 et
289 2859 428 2902 quomadmodum

457 2314 507 2347 dirit:
521 2325 552 2347 vae
566 2313 683 2347 scandalorum
697 2316 772 2358 auctori,
786 2315 810 2348 ita
824 2319 841 2348 et

459 2370 500 2401 euge
509 2359 553 2392 dicet
561 2369 618 2391 rerum
626 2359 709 2392 bonarum
717 2360 787 2393 auctori.
799 2362 840 2393 tter.

440 2406 442 2410 ⁴
457 2405 518 2438 Matth.
527 2402 554 2438 18.
566 2405 608 2437 Luc.
618 2403 645 2438 17.
657 2423 681 2428 —
693 2402 711 2450 8)
721 2403 743 2439 τὰ
751 2403 813 2451 ἀγαθὰ
822 2406 840 2447 G,

456 2461 494 2483 voc:
506 2452 583 2495 φέρεται
597 2461 629 2483 om.
643 2469 664 2474 —-
676 2448 694 2495 9)
704 2448 725 2484 τὸ
738 2451 790 2485 ἴδιον
801 2451 838 2484 add.

457 2497 478 2528 al.
493 2506 519 2539 op.
535 2496 572 2529 cor.
586 2514 609 2519 -
625 2493 655 2540 10)
671 2493 803 2541 staaparpotov
819 2499 838 2529 Β.

456 2542 505 2574 Rom.
514 2539 530 2582 2,
539 2540 555 2574 6.
567 2559 590 2565 -
602 2538 631 2585 11)
640 2542 701 2574 Motth.
710 2539 726 2574 5,
738 2543 780 2575 Luc.
789 2540 805 2575 6.
817 2561 840 2565 -

458 2584 487 2630 12)
497 2582 518 2624 ὃς
525 2588 555 2620 καὶ
563 2587 577 2618 Β
586 2587 631 2628 qnod
638 2586 697 2630 probo.

493 2677 532 2721 Gap.
542 2676 613 2710 noun.
638 2672 655 2720 1)
665 2677 691 2709 lta
700 2677 745 2711 BGD
758 2682 774 2711 et
783 2679 804 2712 al.
813 2690 840 2723 ap.

458 2723 500 2764 cot,
510 2718 570 2756 πολλὰ
579 2722 624 2764 vulg.
636 2723 664 2755 Ex
671 2722 733 2756 iisdem
741 2724 797 2768 recepi
805 2735 839 2767 seq,

459 2768 511 2803 sirau.
520 2786 543 2791 -
550 2764 568 2811 2)
578 2769 643 2814 οἴομαι.
652 2768 702 2809 Bor),
711 2770 762 2802 Hom.
771 2770 811 2810 XII,
818 2767 841 2803 33

459 2818 475 2847 et
483 2817 540 2846 nostra
549 2813 596 2846 Erit,
609 2831 631 2835 —
645 2810 664 2857 3)
673 2810 730 2859 φύσει
740 2818 841 2862 προσεῖναι

457 2860 492 2903 inv,
502 2860 519 2892 G.
528 2878 551 2882 —-
557 2824 577 2902 48
585 2858 612 2891 lta
621 2859 671 2901 BGD,
677 2860 728 2893 Hom,
736 2862 746 2894 l,
754 2871 774 2903 c,
783 2863 841 2894 nostra
