1827 3065
356 132 461 165 nemone
472 132 569 167 11111111.
819 120 860 163 159

19 234 21 236 θ
69 243 117 291 piam
124 246 185 272 rerum
194 236 270 268 tuarum
278 231 329 268 furto
337 230 422 267 auferri?
434 231 484 267 nihil
492 232 572 268 alterius
581 232 649 268 fruare.
662 229 726 277 Atque
733 230 764 284 115
773 241 796 266 ex
804 230 860 266 vobis

12 290 16 325 ζ
69 286 124 336 ipsis,
138 279 189 332 quod
200 277 272 314 rationi
284 280 434 330 consentaneum
446 281 475 313 est
487 277 623 326 intelligentes
631 281 690 324 atque
699 277 805 320 facrentes,
817 275 860 313 Deo

70 331 108 370 cari
117 327 185 364 effecti
194 334 337 369 consequemini
346 326 455 359 sanitatem.

112 383 153 419 LV.
176 381 231 416 Haec
245 391 257 415 a
267 380 325 416 Petro
337 380 404 427 paucis
417 380 484 416 diebus
496 380 560 416 edocti
573 385 593 417 et
604 380 677 425 sanati,
690 390 756 415 omnes
765 379 861 426 baptizati

7 442 18 460 1
70 435 117 470 sunt.
140 428 170 463 Ac
179 425 254 462 Sidonii
263 437 306 461 cum
313 424 362 461 haec
371 425 479 470 audissent,
489 426 514 462 ad
521 426 599 462 Petrum
608 426 751 473 supplicaturos
760 425 860 470 miserunt,

70 483 90 516 ut
97 474 180 516 veniret3
192 483 237 507 nam
248 470 287 517 ipsi
294 474 373 518 propter
381 471 456 507 morbos
464 483 503 507 non
510 475 599 518 poterant
608 473 633 508 ad
642 484 685 508 eum
692 470 796 519 proficisci.
820 470 860 507 Ita-

19 541 22 554 1
70 534 105 572 que
117 531 159 555 cunr
167 518 236 553 Petrus
247 528 282 563 per
294 528 366 562 paucos
379 517 421 552 dies
430 516 479 563 Tyri
491 523 616 554 commoratus
625 522 678 554 esset
687 521 707 553 et
715 516 819 552 liberasset
827 527 860 552 eos

23 568 24 571 ’
71 564 175 612 omnigenis
183 562 254 598 morbis
263 574 286 598 ac
294 562 413 598 instituisset
425 563 528 598 ecclesiam
537 566 594 607 atque
604 562 763 610 expresbyteris,
777 562 809 608 qui
818 573 861 597 eum

71 611 204 660 sequebantur,
217 607 266 654 ipsis
278 607 389 654 episcopum
398 608 541 652 constituisset,
554 607 645 644 Sidonem
653 609 734 656 appulit.
758 607 786 643 At
795 606 862 643 Simon

9 657 16 682 s
70 667 135 704 magus
148 654 237 705 audiens,
250 653 354 689 adventare
365 653 456 698 Petrum„
467 653 569 689 confestim
579 654 673 701 Berytum
682 654 760 702 aufugit
769 665 812 690 cum
820 652 861 701 Ap-

71 705 125 752 pione
135 703 154 736 et
163 699 227 734 socirs.
244 707 245 710 ¹

20 778 22 780 μ
115 755 166 792 LVI.
183 753 285 790 Caeterum
295 766 338 790 curn
345 755 414 790 Petrus
424 754 514 793 Sidonem
522 755 620 802 ingressus
629 761 687 800 esset,
695 756 767 791 multos
776 755 797 790 in
803 755 861 791 lectis

8 809 13 834 ἲ
71 805 138 842 allatos
150 812 213 836 coram
225 800 267 846 ipso
279 804 389 847 posuerunt.
413 799 450 836 Ille
462 804 526 836 autem
538 800 586 836 dixit
597 801 622 837 ad
633 813 675 837 eos:
694 801 724 837 Ne
736 812 781 836 vero
795 800 861 836 existi·

6 847 11 855 ⁵
20 864 22 866 ’
71 849 130 892 metis,
140 857 170 881 me
179 845 253 892 aliquid
260 857 317 891 posse
326 846 352 881 ad
360 847 478 882 curationem
485 849 576 890 vestram,
585 847 618 893 qui
626 847 662 881 sim
671 850 690 882 et
698 846 740 893 ipse
747 846 803 881 homo
812 857 861 881 mor-

7 884 21 903 ⁷
71 895 113 931 telis
119 919 127 938 ,
134 895 153 927 et
162 892 182 926 in
190 891 252 926 multa
259 892 332 936 possim
341 891 426 927 incidere
435 892 524 927 adversa:
539 892 607 928 docere
616 895 680 928 autem
687 903 722 927 vos
730 891 814 935 modum,
823 902 861 937 quo

2 931 22 973 εἷ’
72 940 117 976 salvi
127 948 170 973 esse
178 936 264 983 possitis,
273 947 312 971 non
320 938 420 984 gravabor,
430 936 463 983 qui
472 937 542 983 etipse
551 948 563 972 a
572 937 647 973 domino
656 940 723 972 nostro
731 937 776 972 Iesu
784 936 861 972 Christo

8 1007 9 1010 =
72 983 129 1020 didici
155 981 237 1017 raefiros
254 993 266 1016 5
279 981 323 1017 Deo
338 986 383 1018 ante
397 982 463 1017 mundi
478 982 636 1018 constitutionem
650 982 748 1017 terminos.
771 981 827 1017 Haec
841 985 861 1017 et

72 1030 140 1066 Sidone
165 1031 206 1062 etro
215 1026 308 1062 suadente
317 1039 360 1062 cum
367 1027 434 1074 paucis
447 1027 515 1063 diebus
527 1027 584 1062 multi
596 1028 625 1063 ibi
638 1038 712 1073 quoque
722 1027 862 1072 poenitentiam

72 1075 156 1122 egissent
164 1083 187 1108 ac
199 1071 328 1108 credidissent
336 1076 393 1119 atque
403 1073 466 1108 sanati
474 1076 549 1116 essent,
563 1072 666 1108 ecclesiam
674 1072 770 1115 instituit,
780 1075 800 1107 51
808 1076 861 1117 post-

72 1131 126 1172 quem
134 1118 218 1164 aliquem
227 1128 250 1153 ex
261 1117 389 1165 presbyteris,
402 1118 435 1165 qui
446 1129 490 1153 eum
501 1117 672 1161 consectabantur,
685 1117 813 1162 constituerat
821 1117 861 1152 illis

8 1179 14 1213 ,ᾗ
73 1176 188 1212 episcopum,
198 1162 269 1199 Sidone
279 1174 367 1210 egressus
376 1167 411 1199 est.

13 1248 18 1262 „
116 1220 177 1257 LVII.
203 1220 273 1255 Statim
285 1223 349 1256 autem
362 1218 404 1256 cum
414 1220 509 1267 Berytum
520 1219 639 1265 perveniret,
651 1223 714 1254 terrae
725 1222 788 1254 motus
800 1217 863 1255 factus

73 1271 105 1304 cst.
128 1265 193 1313 Atque
205 1265 261 1313 plebs
273 1266 367 1302 accedens
379 1266 405 1302 ad
415 1266 495 1301 Petrum
505 1264 544 1300 Fer
557 1276 622 1311 opem,
637 1265 747 1311 inquiebat:
765 1264 863 1300 timuimus

72 1314 130 1357 enim,
140 1313 238 1356 dixerunt,
250 1322 274 1347 115
283 1323 348 1347 omnes
357 1312 433 1347 omnino
442 1311 552 1358 periremus.
577 1311 633 1346 Tunc
642 1310 708 1346 Simon
716 1313 823 1346 commento
832 1321 863 1346 511-

72 1359 155 1405 cogitato
164 1369 202 1393 una
216 1369 258 1392 cum
267 1356 366 1403 Appione,
375 1356 488 1401 Anrrbione,
500 1355 625 1392 Athenodoro
634 1356 753 1403 caeterisque
763 1355 862 1392 sodalibus

71 1405 146 1449 publice
157 1402 278 1438 multitudini
292 1403 383 1438 adversus
394 1403 474 1439 Petrum
486 1402 616 1438 acclamabat:
632 1402 714 1449 Fugite,
728 1414 738 1437 o
751 1402 797 1445 viri,
811 1401 863 1437 hunc

71 1450 174 1494 hominem,
182 1460 251 1496 magus
258 1452 293 1492 est,
304 1447 368 1497 [mihi]
374 1449 453 1492 credite,
463 1451 483 1484 et
490 1451 553 1484 terrae
561 1452 634 1484 motum
642 1448 658 1482 is
667 1451 688 1483 111
694 1447 750 1483 vobis
759 1447 813 1491 fecit,
820 1447 862 1493 ipse

72 1495 145 1531 morbos
157 1494 258 1538 excitavit,
274 1505 310 1540 quo
322 1506 357 1529 vos
368 1497 483 1541 perterreat,
497 1497 520 1528 ut
531 1493 572 1539 ipse
584 1497 686 1534 uocaretur
700 1493 753 1528 deus.
778 1491 863 1538 Cumque

72 1541 125 1587 plebs
136 1551 156 1575 se
165 1540 185 1575 in
194 1539 272 1575 silentio
280 1540 384 1585 tenuisset,
393 1540 463 1575 Petrus
471 1539 556 1575 breviter
565 1540 665 1575 subridens
675 1551 718 1574 cum
726 1539 817 1574 libertate
825 1542 862 1574 ter-

71 1597 131 1621 rorem
142 1585 250 1621 incutiente
263 1584 320 1620 dixit:
333 1585 385 1630 Viri,
395 1597 444 1631 quae
452 1585 476 1621 ab
485 1585 529 1620 istis
539 1584 636 1629 dicuntur,
645 1585 707 1620 fateor
715 1596 745 1619 me
753 1595 810 1630 posse
819 1583 863 1619 Deo

71 1632 148 1667 volente
156 1630 244 1675 cfficere3
256 1631 281 1666 ad
291 1629 340 1667 hacc
350 1635 429 1677 paratus
442 1643 491 1675 sum,
504 1630 543 1665 nisi
553 1631 601 1665 mihi
611 1630 718 1666 habueritis
729 1629 787 1666 fidem
796 1630 817 1664 in
824 1628 861 1675 his,

72 1688 119 1722 quae
127 1677 200 1722 loquor,
209 1676 318 1711 universam
326 1680 410 1712 vestram
417 1676 505 1711 funditus
514 1679 599 1711 evertere
608 1676 713 1711 civitatem.

116 1733 189 1769 LVIII.
213 1731 367 1777 Grmrqueturba
377 1732 445 1767 timore
458 1737 510 1767 esset
522 1736 616 1767 commota
627 1735 754 1778 promptoque
766 1731 829 1766 animo
842 1743 862 1767 55

72 1778 95 1814 ab
103 1778 145 1825 ipso
154 1779 247 1824 imperata
255 1776 348 1812 facturam
356 1777 482 1823 promisisset,
491 1777 559 1812 Petrus
568 1778 605 1812 ait:
618 1777 679 1814 Nemo
689 1781 773 1812 vestrum
780 1776 863 1822 posthac

73 1836 113 1866 cum
124 1824 186 1870 magis
200 1822 333 1858 commercium
344 1822 425 1866 habeat,
437 1834 499 1869 neque
511 1834 554 1857 curn
569 1822 593 1857 115
605 1822 703 1869 iungatur.
726 1821 786 1857 Plebs
799 1825 863 1858 autem

8 1927 18 1953 ς,
72 1914 175 1967 percussis,
187 1918 289 1965 persecuta
298 1917 327 1948 est
336 1925 379 1957 eos,
392 1913 453 1949 donec
464 1913 542 1959 penitus
550 1912 597 1949 urbe
606 1913 720 1959 pepulisset.

73 1866 128 1903 simul
136 1880 159 1904 ac
167 1867 278 1903 mandatum
287 1867 370 1912 audivit,
379 1868 464 1904 fustibus
473 1868 515 1903 sine
523 1879 576 1903 mora
584 1870 666 1914 srunptis
675 1867 771 1947 sociisqqqe
781 1866 863 1903 Simonis

761 1916 770 1947 t
780 1912 865 1959 ingressi

9 1961 19 2002 {s'
73 1969 180 2005 quicunque
189 1970 212 1993 ex
220 1970 244 1993 115
253 1959 382 2005 aegrotabant
390 1962 410 1994 et
418 1971 430 1994 a
439 1958 563 1994 daemonibus
571 1958 696 2003 vexabantur,
706 1970 749 1994 curn
757 1961 800 1993 tota
807 1958 864 1994 turba

73 2005 97 2039 ad
105 2016 168 2052 genua
176 2004 292 2040 accedentes
301 2004 391 2040 Iacebant
399 2007 444 2040 ante
452 2004 513 2050 pedes
521 2004 580 2039 1111115.
603 2003 631 2040 At
641 2005 683 2049 ille,
696 2004 778 2039 sublatIs
790 2003 811 2037 in
821 2014 863 2039 cae-

6 2051 16 2095 ‘j'J
73 2049 111 2084 lum
120 2050 208 2086 manibus
217 2049 318 2094 Deumque
328 2054 460 2096 comprecatus
469 2053 549 2085 cunctos
558 2050 669 2095 precatione
679 2050 720 2084 sola
729 2048 807 2083 curavit.
819 2048 864 2084 Non

73 2107 143 2140 paucos
152 2099 216 2131 autem
229 2094 270 2130 dies
282 2095 334 2141 apud
345 2095 436 2142 Berytios
449 2098 575 2130 commoratus
585 2107 627 2130 cum
638 2094 709 2129 multos
717 2093 809 2141 religioni
818 2104 864 2141 erga

8 2150 17 2180 j
73 2144 146 2185 patrem
155 2144 175 2177 et
186 2140 248 2176 filium
257 2144 277 2176 et
285 2140 374 2186 spiritum
382 2144 470 2176 sanctum
479 2140 636 2184 consuefecisset,
645 2146 729 2175 necnon
737 2139 863 2185 baptizasset,

5 2186 16 2228 ’ἒς
73 2197 110 2222 uno
122 2198 145 2222 cx
156 2186 286 2233 presbyteris,
300 2186 333 2232 qui
344 2198 387 2221 eum
396 2186 533 2233 sequebantm,
546 2185 593 2232 ipsis
602 2186 623 2220 in
631 2185 743 2231 episcopum
752 2185 864 2230 constituto,

7 2230 19 2261 ³2,
75 2230 158 2267 Bblum
193 2232 221 2267 iii·

92 2244 108 2329 y·
117 2233 191 2325 LIde
195 2289 236 2332 ouo
249 2283 292 2324 cum
299 2289 420 2334 pervenisset
429 2288 599 2334 00mperissetque,
612 2287 709 2324 Sim‘fflem
718 2280 813 2335 Td'ipfflm
822 2299 865 2324 eva*

17 2352 18 2355 =
75 2333 131 2379 sisse,
145 2347 217 2381 paucos
233 2334 274 2370 dies
289 2334 340 2380 apud
354 2346 387 2370 eos
400 2337 484 2369 moratus
496 2333 606 2380 curatisque
620 2334 686 2368 multis
699 2345 722 2369 ac
735 2334 755 2368 111
767 2333 865 2380 Scriptura

10 2394 16 2418 g,
56 2382 57 2387 ’
75 2381 173 2425 exercitis,
187 2380 326 2427 Tripolim’per
336 2379 420 2426 vestigia
432 2378 515 2415 Simonis
529 2379 633 2425 processit,
649 2383 713 2415 certus
726 2391 769 2415 eum
782 2380 864 2425 insequi,

75 2436 111 2460 non
123 2426 261 2474 subterfugere.
280 2425 328 2461 Cum
336 2428 400 2461 autem
406 2424 475 2461 Petrus
483 2424 578 2471 Tripolim
586 2425 726 2473 ingrederetur,
735 2424 768 2471 qui
777 2424 865 2460 discendi

7 2607 10 2620 ι
109 2588 149 2632 Gap.
166 2589 212 2622 LVI.
237 2585 255 2633 1)
272 2589 337 2623 τοίνυν
351 2599 383 2621 om.
396 2588 417 2621 V.
431 2605 454 2610 -
482 2587 533 2619 Hom.
545 2585 606 2619 Codice
619 2587 681 2628 Ottob,
697 2582 805 2630 καταπλήξη
820 2588 866 2626 τέως

75 2627 124 2677 21111
135 2637 175 2678 post
186 2631 279 2668 δύνασθαι
289 2634 359 2677 ponitur
369 2633 388 2666 in
399 2634 420 2666 0.
432 2651 454 2656 -
484 2633 520 2667 OV.
528 2650 552 2655 -
559 2628 577 2673 4)
588 2631 684 2674 πεισθῆτέ
690 2644 725 2678 μοι
734 2633 753 2665 0.

5 2685 14 2723 jjg
75 2673 160 2721 3)15ῦτσ
171 2681 190 2714 V.
199 2676 249 2724 -4)
259 2675 387 2723 συνεστήσατο
396 2679 416 2712 0.
518 2678 559 2721 cap.
567 2678 631 2710 LVIII.
656 2676 674 2722 1)
687 2677 723 2720 τοῦ
731 2678 753 2711 V.
762 2696 785 2701 —-
796 2675 813 2720 2)
823 2675 867 2716 ξύλα

485 2720 584 2770 συντόμως
592 2723 633 2755 ordo
640 2723 660 2755 in
668 2724 688 2756 0.
696 2742 719 2746 —
727 2720 746 2768 3)
754 2728 867 2768 γονυπετεῖς

110 2769 150 2813 Cap⁴
158 2771 214 2804 LVII.
231 2767 250 2814 1)
259 2766 334 2814 donem.
344 2771 363 2803 0.
372 2767 456 2813 -2)1ta
485 2767 810 2813 Ο.-4)Ι15511511101.,Βίβ1ον11.

77 2812 96 2853 0,
111 2815 208 2854 παντελῶς
221 2817 237 2850 V
253 2834 276 2839 -
292 2814 310 2855 3)
322 2816 350 2849 Ite
364 2827 384 2849 cr
397 2819 455 2849 nostro
520 2814 616 2859 (1511111Χῇ,
639 2811 658 2855 1)
665 2815 697 2848 καὶ
705 2825 738 2848 om.
747 2812 824 2859 O.—2)
834 2814 868 2859 τὴν
