1827 3065
360 114 465 149 nrrroun
480 114 557 147 Paroa.
834 100 862 143 55

21 261 24 264 s
67 225 112 264 mihi
129 221 154 257 ad
168 218 252 254 dedecus
267 214 411 257 assentabatur,
426 212 484 248 finem
497 213 599 259 acciperet.
624 210 746 264 111011011011
757 211 827 256 filium,
840 215 862 247 ut

12 278 23 292 μ
66 269 118 319 tapud
125 269 199 314 patrem
207 263 228 298 in
237 260 328 297 solatium
335 261 428 303 maneret,
436 258 583 305 relinquendmn
592 269 664 294 censui.

1 353 7 372 ς.
21 361 22 364 ¹
110 330 220 370 LXXXIV.
244 328 316 364 Verum
341 339 366 362 uo
377 326 426 361 hacc
437 327 466 362 ita
476 326 554 372 fierent,
566 326 679 362 inanimum
692 325 759 360 induxi
768 325 862 361 somnium

0 372 23 423 ζμ
67 384 146 429 fingere,
158 376 213 428 quasi
226 374 296 427 aliquis
302 372 334 425 ‚mi
349 373 425 407 inoctu
437 373 547 409 adstitisset
559 385 581 409 ae
594 372 685 407 dixisset:
708 370 815 406 Confestim
823 383 862 406 una

67 439 107 465 omn
115 423 197 472 geminis
205 424 244 455 tuis
252 430 324 465 pueris,
333 417 424 462 omulier,
432 418 493 454 Roma
502 419 581 455 discede
589 418 614 455 ad
621 417 700 464 aliquod
707 420 790 464 tempus,
800 416 861 452 donec

13 473 15 475 ’
66 472 102 510 tibi
109 479 173 505 trusus
181 465 300 507 indicavero,
312 466 335 498 ut
345 463 421 508 redeas3
434 463 506 510 alioqui
518 476 561 500 cum
571 465 613 500 viro
625 462 739 508 cunctisque
747 462 787 497 tuis
796 462 861 498 liberis

68 517 168 562 derepente
182 511 255 558 peribis
267 509 322 544 male.
351 508 411 544 Simul
425 512 489 545 autem
500 521 523 546 ac
536 510 630 545 somnium
641 510 756 545 ementitum
766 507 807 543 viro
818 519 861 543 nar·
883 516 886 520 ·

66 562 114 605 ravi,
126 559 193 594 timore
204 567 274 603 magno
283 558 388 590 commotus
400 565 430 590 me
444 557 463 589 et
474 555 521 591 (litos
532 554 582 591 filios
595 565 698 601 servosque
711 558 731 590 et
742 553 824 590 ancillas
833 557 861 589 at-

68 618 103 655 que
111 604 190 640 multam
198 600 300 647 pecuniam
312 600 332 634 in
340 610 408 635 navem
417 599 516 646 imponens
524 600 611 637 Athenas
623 601 676 636 misit
684 599 789 646 iussitque,
798 602 821 634 nt
828 611 861 634 na·

67 658 127 690 torum
135 646 239 684 eruditioni
246 657 344 689 vacarem,
354 645 426 692 quoad,
439 646 511 692 inquit,
524 646 605 682 visionis
614 646 688 683 auctori
696 645 791 693 placuerit
799 645 861 681 redire

67 703 90 734 te.
114 695 181 740 Itaque
190 703 226 739 ego
235 691 305 727 misera
314 702 352 727 una
361 703 404 727 cum
411 690 478 727 liberis
486 692 565 739 navigo,
578 696 597 728 01
605 696 705 728 ventorum
713 692 733 727 vi
741 691 832 738 proiieior
841 690 861 725 in

67 745 114 779 haec
127 740 179 782 loca,
192 737 274 783 navique
287 740 347 772 noctu
362 736 456 772 dissoluta
470 737 491 772 in
504 738 625 785 naufragium
641 737 749 773 incidimus.
778 736 861 772 Mortuis

111 798 130 821 m
140 783 228 820 omnibus
238 795 277 818 una
289 793 325 830 ego
337 781 405 818 infelix
415 782 491 830 magnis
504 784 577 819 iactata
587 782 679 819 fluctibus
691 784 712 818 in
723 794 789 818 sarum
798 782 862 818 eiecta

69 844 114 876 sum,
123 831 144 865 in
152 840 189 875 quo
198 827 278 873 senens,
288 828 333 874 quia
341 839 372 863 me
380 831 436 864 natos
444 828 498 864 vivos
506 833 623 875 reperturam
633 828 741 874 sperabam,
751 828 772 862 in
779 828 861 875 pelagus

69 889 98 914 me
106 887 144 912 non
153 874 213 910 deieci
222 877 269 918 tum,
279 885 322 909 cum
330 876 350 909 01
358 874 442 909 animum
449 873 545 910 habebam
554 874 624 910 doloris
632 874 725 910 fluctibus
734 873 772 909 iam
781 873 861 916 ebrium,

70 927 89 960 et
97 922 132 958 hoc
140 920 204 956 faeere
212 919 271 955 facile
279 923 370 965 poteram.
392 940 394 943 >

113 987 213 1024 LXXXV
237 986 309 1023 Verum
317 987 351 1023 ubi
359 987 432 1032 illuxit,
443 988 546 1034 plurimum
555 988 639 1024 clamans
649 992 669 1024 et
677 986 814 1024 miserabiliter
822 987 862 1023 eiu—

125 1032 303 1079 eircmnspiciebam
317 1044 409 1080 quaerens
427 1033 535 1069 infelicium
548 1033 651 1069 liberorum
664 1044 748 1068 meorum
763 1033 862 1068 cadavera.

79 1093 90 1128 g
109 1092 130 1115 ur
140 1077 271 1114 misericordia
284 1078 337 1114 dueti
347 1080 433 1126 regionis
444 1079 497 1114 illius
508 1079 596 1115 homines
609 1082 628 1114 ct
642 1079 713 1113 nudam
721 1077 788 1113 intuiti
796 1077 862 1113 indue-

68 1128 116 1161 nmt.
139 1123 169 1159 Ae
180 1123 250 1159 deinde
261 1124 318 1159 maris
329 1125 444 1171 profimdmn
456 1124 537 1160 scrutati
549 1128 593 1159 sunt
605 1127 720 1170 quaerentes
734 1126 790 1158 natos
804 1134 863 1158 meos.

69 1172 94 1206 Et
106 1170 150 1216 quia
161 1181 200 1204 non
211 1169 344 1214 inveniebant,
357 1170 461 1206 nonnullae
472 1170 579 1216 hospitales
593 1169 682 1205 mulieres
697 1168 811 1205 consolandi
824 1168 863 1203 mci

111 1217 129 1251 ia
140 1218 264 1250 accesserimt
278 1219 297 1251 et
309 1227 343 1251 sua
354 1215 442 1263 singulae
453 1216 504 1251 mala
516 1215 636 1259 enarrabant,
648 1218 670 1249 ut
682 1214 773 1249 similium
786 1213 863 1249 calami-

117 1264 191 1307 partem
200 1260 338 1296 consolationis
344 1261 365 1296 in
370 1261 418 1297 meis
427 1260 577 1297 adversitatibus
585 1260 715 1305 nanciscerer,
723 1259 745 1294 id
753 1260 804 1304 quod
811 1263 863 1295 ccrtc

113 1306 169 1352 nagis
177 1306 280 1352 torquebat
286 1307 407 1352 animumque
415 1307 459 1353 plus
468 1306 574 1350 lacerabat,
584 1306 628 1341 drun
636 1305 716 1341 aliannn
724 1304 825 1340 mulierum
834 1317 864 1341 ca·

114 1355 164 1387 tates
174 1351 264 1387 audirem.
289 1350 378 1388 Ceterum
391 1364 434 1388 cum
445 1353 517 1388 multae
529 1363 559 1387 me
571 1351 656 1398 hospitio
667 1352 753 1398 recipere
765 1354 864 1396 cuperent,

70 1397 161 1443 quaedam
168 1397 211 1432 eius
219 1397 258 1433 loci
265 1398 383 1445 paupercula
391 1398 453 1433 multa
460 1398 480 1433 vi
488 1397 577 1432 adhibita
584 1398 689 1444 persuasit,
701 1400 723 1432 ut
735 1396 760 1432 ad
769 1407 823 1431 sunm
832 1397 864 1432 do-

115 1442 162 1477 lium
175 1454 270 1490 tergerem
278 1442 369 1488 Confido,
382 1443 458 1487 dicens3
473 1443 545 1479 etenim
555 1442 585 1478 vir
596 1453 659 1486 meus,
674 1442 707 1489 qui
720 1445 761 1478 erat
769 1445 834 1487 nauta,
844 1442 865 1477 in

109 1487 115 1521 i
127 1487 229 1523 admodum
239 1488 314 1525 iuvenis
327 1489 381 1524 obiit.
404 1487 469 1534 Atque
483 1488 507 1524 ab
520 1499 542 1524 eo
555 1491 641 1535 tempore
652 1488 699 1525 licet
710 1488 767 1523 multi
778 1488 865 1536 rogarint

69 1544 103 1576 me,
112 1536 134 1567 ut
142 1534 220 1580 nuptias
230 1534 366 1580 contraherem,
376 1545 412 1582 ego
420 1533 457 1570 viri
465 1533 503 1569 mei
512 1534 607 1569 desiderio
620 1545 677 1582 agere
688 1534 709 1569 in
720 1534 817 1570 viduitate
825 1545 864 1569 rna-

69 1578 101 1612 lui.
124 1578 186 1614 Erunt
194 1582 259 1615 autem
266 1580 317 1615 inter
325 1591 360 1615 nos
369 1579 485 1624 communia,
494 1590 625 1626 quaecumque
633 1580 722 1616 manibus
734 1575 803 1616 ambae
810 1583 863 1626 pote-

71 1624 129 1659 rimus
138 1636 252 1671 comparare,
275 1624 341 1672 Atque
348 1626 391 1672 ipsa
398 1625 498 1661 haetenus.

114 1691 225 1729 LXXXVI.
249 1693 292 1740 Ego
303 1705 348 1729 vero
359 1704 384 1728 ne
392 1693 430 1728 tibi
439 1704 544 1728 sermonem
557 1692 580 1728 de
588 1693 619 1727 his
628 1693 648 1727 in
656 1692 736 1740 longum
747 1692 863 1740 protraham,

69 1748 111 1773 ormi
120 1749 143 1773 ea
150 1738 238 1773 habitavi
249 1742 327 1785 propter
338 1749 430 1783 amorem,
442 1749 478 1784 quo
489 1737 578 1774 maritimi
586 1738 742 1785 prosequebatur.
766 1738 808 1775 Nee
816 1739 864 1774 mul-

69 1786 108 1818 tum
120 1787 195 1830 tempus
207 1783 342 1819 intermedium
353 1784 400 1829 tuit,
412 1784 488 1830 quando
504 1787 523 1820 et
534 1795 588 1820 meae
599 1795 666 1820 manus
681 1784 767 1820 infelicis
777 1784 865 1820 mulieris

68 1829 162 1864 morsibus
171 1828 285 1865 debilitatae
295 1832 345 1873 sunt,
355 1833 374 1865 et
383 1841 406 1866 ea
413 1829 482 1865 mulier
491 1840 539 1875 quae
548 1841 579 1865 me
589 1833 700 1876 susceperat
707 1830 773 1867 morbo
783 1830 865 1876 quodam

68 1877 110 1909 tota
122 1877 216 1920 occupata
227 1874 267 1910 fere
284 1875 388 1911 immobilis
404 1875 455 1910 domi
469 1875 534 1910 iacuit.
565 1875 659 1917 Quoniam
674 1887 720 1922 ergo
733 1876 866 1912 misericordia

0 1911 3 1927 ³
22 1944 25 1948 .
69 1919 174 1963 mulierum,
184 1931 232 1966 quae
241 1919 287 1955 olim
296 1921 496 1965 commiserescebant,
505 1921 543 1956 ian]
552 1920 639 1968 vigorem
645 1921 716 1966 amisit,
726 1932 749 1958 ac
756 1933 792 1968 ego
802 1925 822 1957 et
830 1922 866 1958 illa

69 1964 134 2000 clausa
149 1965 200 2000 domi
214 1965 281 2001 ambae
292 1966 376 2001 miseriis
391 1977 486 2012 exaequo
499 1966 580 2010 utimur,
595 1979 645 2002 nnnc
660 1970 681 2002 ut
692 1967 747 2003 vides
760 1967 792 2003 hie
807 1968 865 2003 sedeo

70 2010 139 2056 stipem
146 2013 222 2057 petenS,
232 2014 251 2047 et
260 2010 365 2057 quaemihi
374 2012 522 2058 suppeditantur
531 2012 639 2048 communia
646 2011 698 2049 facio
705 2025 748 2049 cum
754 2013 789 2049 illa
794 2014 867 2060 pariter

69 2055 142 2091 misera.
167 2054 197 2091 Ac
207 2068 261 2092 meae
273 2056 351 2103 quidem
361 2068 391 2092 res
403 2057 440 2093 hoc
451 2058 508 2093 modo
521 2068 541 2092 se
549 2057 627 2093 habent.
652 2057 753 2104 Superest,
765 2063 787 2094 ut
798 2062 819 2094 te
827 2070 866 2094 non

70 2100 158 2136 inhibeas
166 2101 187 2135 in
196 2102 310 2148 complendo
319 2114 348 2146 00,
358 2102 410 2148 quod
416 2103 524 2148 promisisti
533 2103 620 2138 datiuum
631 2107 651 2138 te
658 2104 791 2150 pharmacum,
800 2116 837 2150 quo
847 2106 866 2139 et

71 2156 113 2180 cum
125 2146 259 2183 contubernali
269 2152 350 2184 mortem
361 2151 440 2194 optante
453 2148 505 2195 quod
516 2149 591 2184 dederis
604 2149 742 2185 communicem
754 2153 774 2185 et
786 2161 823 2197 ego
836 2161 865 2185 su-

73 2191 170 2240 mcnsyhac
179 2193 220 2228 vita
229 2193 288 2229 citius
297 2194 371 2230 liberer,

116 2258 237 2297 LXXXVH.
261 2261 316 2297 Haeo
329 2261 406 2298 dicente
417 2261 497 2298 muliere
507 2262 576 2297 Petrus
592 2262 745 2309 cogitationibus
760 2266 810 2300 stare
826 2275 866 2299 sus-

85 2477 89 2483 ,
105 2433 145 2477 Cap.
154 2435 254 2469 LXXXIV.
268 2432 286 2479 1)
295 2434 326 2469 ἵνα
333 2447 368 2480 μοι
376 2432 452 2479 Β.-2)
517 2435 556 2479 top.
568 2436 667 2470 LXXXVI.
687 2435 705 2482 1)
717 2436 795 2483 1μοῦαὶ
803 2440 867 2481 χεῖρες

72 2477 100 2509 ste
109 2479 160 2512 etiam
167 2481 218 2514 Hom.
226 2481 270 2522 ΧΠ,
279 2478 301 2513 16
309 2483 326 2513 et
333 2484 392 2514 nostra
399 2481 453 2524 Epit,
481 2481 516 2514 inu.
524 2482 543 2513 B.
552 2499 575 2504 -—
583 2478 602 2526 2)
610 2493 635 2527 με
644 2493 675 2516 om.
685 2483 703 2515 O.
715 2501 739 2505 -
750 2479 769 2526 3)
782 2478 830 2521 ὅλως
838 2484 866 2516 in-

72 2520 215 2567 dirupoioaodut
223 2526 274 2559 BOD
287 2528 303 2558 01
315 2527 336 2559 al.
350 2537 377 2570 ap.
386 2527 422 2560 Cot.
431 2544 454 2549 —
483 2526 523 2559 serit
531 2528 550 2559 Β.
559 2544 583 2549 -
593 2525 612 2572 4)
622 2527 701 2563 accurrit
708 2530 727 2560 B.
738 2546 761 2551 —
772 2525 791 2573 5)
800 2526 865 2575 ἀμερο-

70 2564 89 2612 3)
100 2566 158 2606 πάλιν
166 2572 217 2605 inser.
227 2572 263 2605 et).
275 2590 299 2596 -
311 2569 330 2616 4)
339 2569 375 2615 ἤδη
386 2574 455 2605 nonest
484 2571 572 2615 τέραιςΒ.
585 2591 607 2595 -
618 2569 636 2617 6)
645 2573 672 2606 Ita
680 2573 718 2606 dedi
730 2584 751 2606 er
760 2575 783 2615 B,
796 2586 866 2608 notov-

69 2624 87 2645 m
98 2616 117 2648 B.
227 2651 231 2659 ,
486 2618 533 2662 μένη
543 2618 574 2650 OD
583 2621 599 2651 et
610 2619 656 2661 vulg.
668 2638 692 2644 —
703 2616 721 2663 V)
731 2616 768 2654 oto
780 2620 831 2653 mser.
844 2621 865 2654 al.

110 2661 149 2705 Gap.
159 2663 249 2697 LXXXV.
268 2660 287 2708 1)
295 2663 326 2697 acl
337 2673 368 2695 om.
380 2664 400 2695 B.
409 2659 457 2706 -2)
487 2673 513 2707 ap.
523 2663 559 2696 Get.

71 2710 457 2802 pqqggfflggopqqqffig
522 2753 679 2798 oapnrnxuu,
708 2754 727 2801 r)
745 2753 782 2791 aaa
799 2757 864 2802 topo-

71 2813 94 2846 ῂ-
111 2794 129 2842 5)
143 2796 190 2845 πρὸς
200 2796 223 2832 B.
240 2818 262 2823 —
278 2796 296 2844 6)
308 2796 413 2846 ἐβουλόμην
426 2800 459 2833 fnit
487 2797 693 2846 μῶνὸπέτρος11οηερ.
702 2804 730 2836 OD
739 2807 758 2836 ut
765 2802 816 2835 Hom.
824 2803 864 2842 XII,

71 2851 91 2873 111
107 2844 127 2875 Β,
488 2843 512 2878 19
521 2848 538 2890 01
545 2848 603 2879 nostre
611 2846 668 2891 Epit,
681 2848 711 2882 nbi
719 2851 744 2882 est
754 2845 793 2883 ὑπὸ
802 2849 866 2894 λογισ-
