1827 3065
167 98 197 129 AD
208 97 341 131 CLEIIENTIS
350 99 405 131 RoM.
416 99 479 136 QUAE
487 98 540 132 FER.
550 96 670 130 Hoasstrns.
773 83 815 127 287
845 108 846 111 “

26 202 61 238 γῶν
68 199 214 242 βαπτισθέντων
223 197 255 237 τὰς
263 199 352 239 educitur.
368 199 423 234 Libri
435 210 491 234 mser.
498 210 534 245 pro
544 198 569 238 ὡς
577 196 608 239 ἄν,
633 190 670 231 dae
680 194 774 231 correctio
787 198 816 229 est

26 241 98 283 Davisii
107 253 174 287 parum
183 246 238 287 apta,
245 244 347 288 praebent:
360 243 386 280 ὅτ’
396 243 418 281 tv
430 245 460 280 vel
469 245 519 281 ὅταν.
545 244 607 286 Quum
637 240 701 276 ufiuus
712 240 724 276 l.
734 251 749 275 c:
760 240 816 275 inter-

25 292 110 339 pretatus
118 287 151 322 sit:
161 288 229 334 „qnasi
237 289 307 323 donum
317 290 435 335 quoddam
443 289 525 325 offerens
533 291 569 326 deo
577 288 651 325 animas
659 298 694 333 per
700 286 817 331 baptismum

27 336 166 377 consecratas&
176 332 284 377 suspicetur
292 334 369 380 aliquis,
377 335 470 381 scriptum
478 335 547 371 fuisse:
558 349 610 372 τινα
628 333 682 370 Nihil
692 332 743 368 enim
750 330 817 376 refert,

26 381 75 429 quod
85 381 105 414 in
114 378 201 424 exemplo
209 376 274 413 Rufini
283 383 382 425 postrema
391 381 485 416 enuntiati
495 382 554 417 verba
563 393 600 417 non
610 383 665 417 erant
674 379 748 414 eadem.

69 424 90 460 P.
99 424 139 469 248,
148 425 158 458 2
168 425 251 470 receptis
259 425 331 460 verbis:
340 425 399 472 cidr'ap
408 427 428 462 dt
437 425 486 473 πρὸς
493 426 515 463 τὸ
523 428 658 474 βαπτισθῆναι,
669 425 753 461 delenda
761 426 817 459 erant

26 471 83 508 verba
90 470 148 516 ἀδίκῳ
158 470 183 510 θ’,
193 481 243 517 quae
253 470 348 506 debentur
357 470 484 518 Schweglero‚
493 477 551 519 atque
563 476 662 519 punctum,
671 471 724 518 quod
734 472 764 504 est
771 472 818 515 post

8 546 10 548 .
26 518 209 564 προπεποιημένων,
229 514 414 552 GumeodiceOex
436 521 476 553 arte
487 519 621 553 consentiebat
630 518 738 564 exemplum
748 513 818 558 Rufini,

27 565 78 609 cujus
92 562 140 596 haec
153 564 198 596 sunt
209 560 299 602 verbafin
310 561 412 609 Recognit.
443 590 447 607 ,
459 563 479 597 9:
494 564 576 609 „injusto
587 576 641 608 vcro,
652 567 675 598 ut
686 564 818 608 peccatorum,

26 618 73 657 quae
82 606 144 653 gessit
152 609 172 641 in
180 607 295 652 ignorantia,
307 607 395 643 remissio
408 610 544 654 concor-lature,
557 621 606 656 quae
620 609 664 656 ipsa
672 608 732 643 verba
746 608 818 643 docere

26 655 114 701 poterant
126 651 278 698 Sclrweglerum,
293 654 324 697 id,
341 653 393 700 quod
407 653 430 689 de
446 655 557 700 conjectura
569 656 665 701 reposuit,
682 654 818 690 collocandum

26 699 85 742 fuisse
94 702 147 734 ante:
161 701 187 738 εἰς
198 697 268 745 ι’ίιγισιν
279 700 317 735 τῶν
328 699 349 736 ὲν
360 698 427 746 ιἰγνοιίγ
438 704 622 749 προπεπονημένων.
646 700 735 735 Ceterum
751 709 817 734 eorum

26 745 132 789 verborum,
141 754 191 791 quae
200 744 274 779 suntin
282 744 349 780 codice
357 744 378 789 Ο,
387 745 421 780 illa
429 744 540 791 recipienda
548 751 589 781 erat
595 746 697 792 scriptura,
707 755 817 792 quaerepe-

26 792 73 826 ritur
81 789 102 824 in
110 790 196 836 margine
205 801 217 824 a
225 801 282 824 manu
290 791 399 826 recentiore
408 789 515 836 adscripta:
529 791 577 839 πρὸς
585 793 612 837 τῷ
619 797 641 838 β,
653 794 743 838 „praeter
753 789 818 835 bapti-

27 837 103 872 smum“.
109 856 128 861 -
137 834 214 878 Verbis,
223 846 272 882 quae
281 841 326 879 sunt
333 848 350 871 v,
359 836 370 871 3
378 849 386 870 s
401 848 428 883 qs
437 835 467 872 sno*
478 842 514 873 εἴτε
521 838 594 878 δίκαιος
601 837 622 879 εἴ,
632 841 669 874 εἴτε
677 835 747 878 ἄδικος,
758 837 817 872 σπεῦ-

27 895 60 919 οον
67 882 182 928 γεννηθῆναι
196 883 244 927 Θεῷ,
257 880 286 917 ὅτι
298 881 308 927 ἡ
322 882 401 928 acopon,
413 884 502 919 κίνιλννον
514 886 568 931 (γέρα
577 882 608 918 dni
619 883 641 919 τὸ
649 882 719 923 ἄθηλον
727 883 775 918 εἶναι
784 883 818 917 τοῦ

27 928 108 964 θανάτου
118 925 152 972 τὴν
161 931 291 976 προθεσμίαν,
306 929 332 974 τῷ
343 929 362 968 ἒξ
374 926 442 968 ὕδατος
453 930 546 986 γεννῶντί
556 940 577 965 σε
586 932 644 975 πατρὶ
652 927 683 964 did
691 929 724 971 τῆς
732 926 819 967 εὐποιΐας

27 975 59 1018 τὴν
76 971 179 1021 ὁμοιότητα
195 973 260 1013 (λείξας,
280 972 305 1014 ὠς
320 972 425 1022 φιλαλήθης
439 986 473 1010 τον
488 973 549 1020 ἀληθῆ
563 973 611 1012 Θεὸν
625 976 686 1022 τιμῶν
700 973 725 1014 ὡς
739 974 817 1019 ποτέον,

26 1019 144 1064 respondent
155 1017 205 1053 haec
215 1018 236 1054 in
246 1018 349 1065 Recoguit.
360 1018 413 1063 VI,9
425 1022 445 1054 et
455 1019 486 1054 10:
504 1019 610 1065 „Omnibus
624 1030 670 1065 ergo
685 1018 818 1054 festinandum

27 1068 55 1099 est
66 1064 107 1100 sine
118 1074 172 1098 mora
182 1064 257 1099 renasci
271 1065 316 1109 deo,
328 1065 373 1112 quia
384 1065 469 1100 incertus
479 1071 508 1100 est
520 1064 672 1100 uniuscuiuscue
684 1066 747 1099 exitus
760 1063 816 1098 vitae.

28 1108 73 1145 Cum
82 1114 147 1145 antem
155 1113 280 1155 regeneratus
289 1109 349 1146 fueris
359 1122 395 1156 per
406 1122 484 1156 aquam,
500 1122 523 1145 ex
536 1110 628 1155 operibus
639 1077 697 1144 ironis
709 1108 790 1144 ostende
798 1110 818 1143 in

26 1160 44 1191 te
57 1154 202 1190 similitudinem
212 1156 259 1201 ejus,
272 1156 304 1202 qui
313 1159 333 1191 te
341 1155 408 1201 genuit
415 1157 483 1201 patris.
501 1155 606 1202 Agnovisti
615 1156 666 1190 enim
674 1154 737 1199 deum,
745 1153 820 1190 honora

26 1201 116 1246 patrem“.
141 1199 250 1236 Turbatum
265 1213 307 1237 esse
322 1202 395 1248 aliquid
409 1201 429 1235 in
440 1201 540 1245 Homiliis,
554 1201 594 1245 jam
607 1211 642 1246 per
657 1212 678 1235 se
695 1200 766 1235 clarum
784 1202 819 1235 est.

26 1246 69 1282 Jam
78 1246 183 1281 secundum
191 1245 344 1293 Recognitiones
353 1251 429 1282 tentare
436 1246 493 1282 licet:
504 1266 527 1271 ν-
540 1246 573 1292 τὴν
584 1250 712 1293 προθεσμίαν.
723 1245 819 1293 ἀναγιν-

26 1295 105 1337 νηθεὶς
114 1293 126 1327 d
129 1293 138 1329 ὲ
146 1293 173 1337 τῷ
179 1312 202 1317 -
211 1293 298 1335 δεῖξον,
308 1292 333 1333 ὠς
341 1296 380 1339 φιλ.
390 1295 435 1327 cett.
451 1291 489 1327 Sed
498 1292 620 1327 verisimilius
630 1296 664 1335 est,
673 1290 771 1337 Rufinum,
786 1290 818 1337 qui

27 1348 84 1382 saepe
92 1337 173 1373 liberine
185 1338 321 1382 interpretatus
331 1342 370 1380 est,
382 1337 442 1373 uerba
456 1349 511 1382 „cum
523 1342 649 1384 regeneratus
661 1337 734 1372 fueris“
747 1338 770 1373 de
783 1347 818 1371 suo

26 1383 113 1429 posuisse
122 1394 180 1429 quum
189 1382 282 1427 scriptum
294 1383 421 1429 repperisset:
434 1384 473 1420 εἶτα
481 1384 507 1425 δὲ,
516 1383 547 1419 vel
556 1383 618 1418 simile
627 1382 678 1430 quid.
688 1404 711 1409 —
717 1382 741 1418 V.
750 1383 771 1417 11
780 1393 819 1417 non

27 1432 67 1464 erat
80 1428 217 1474 vilipendenda
226 1428 345 1475 Schwegleri
357 1429 478 1474 conjectura:
491 1430 521 1475 ’τῴ
532 1432 606 1475 λογικοὶ
613 1430 669 1470 εἶναι,
685 1439 742 1474 quam
751 1426 818 1463 confir-

26 1478 78 1509 mant
85 1474 141 1509 etiam
146 1473 299 1520 Recognitiones
306 1473 355 1518 V,10
362 1474 493 1520 porrigentes:
500 1473 709 1520 „utpoterationabiles
714 1473 820 1509 honrines“.

70 1518 92 1554 P.
100 1519 140 1563 249,
150 1520 160 1553 1
170 1519 236 1555 forsan
245 1520 378 1555 scribendum:
387 1519 477 1568 cipiet-da
486 1519 538 1567 (libri
547 1531 611 1555 mser:
622 1518 675 1561 κατὰ)
683 1519 719 1566 γὰρ
729 1518 751 1556 τὰ
759 1518 819 1564 ἀληθῆ

28 1565 56 1600 vel
65 1564 86 1601 τὸ
95 1566 162 1609 ἀληθὲς
171 1564 192 1601 τὸ
204 1564 321 1614 καθαρεύειν.
329 1564 373 1602 cfr.
385 1566 444 1601 rerba
455 1565 542 1610 proxime
554 1566 663 1612 sequenda:
678 1565 702 1605 ὡς
714 1564 743 1601 ὅτι
754 1566 818 1601 ἕπεται

27 1613 57 1658 τῷ
70 1611 148 1659 ἀγαθῷ
157 1609 178 1646 τὸ
187 1609 284 1658 καθάριον,
293 1615 311 1646 et
319 1611 420 1657 Recognit.
429 1610 462 1656 Vl,
471 1611 503 1646 ll:
516 1611 601 1657 „Bonum
615 1614 646 1645 est
657 1615 722 1646 autem
734 1614 755 1645 et
766 1609 818 1656 puri-

26 1656 62 1691 tati
71 1657 196 1700 convertens,
209 1656 265 1691 etiam
279 1668 349 1702 corpus
360 1667 410 1702 aqua
426 1656 504 1692 diluere.
528 1656 604 1691 Bonum
612 1668 657 1691 reru
670 1656 732 1700 dicut
743 1661 787 1691 cett.
795 1676 818 1682 -

26 1701 48 1738 V.
58 1700 80 1736 14
93 1701 203 1737 Dresselius
218 1701 405 1746 recipere-debebat
419 1700 493 1737 codicis
508 1699 524 1736 Ο
540 1703 664 1747 scripturam:
679 1701 745 1745 αὐτοῦ,
760 1713 818 1748 quum

27 1746 139 1792 pracsertim
155 1747 212 1781 etiam
229 1747 280 1792 apud
298 1745 418 1782 llatthaeum
433 1747 577 1793 Evangelistam
594 1746 669 1790 XXIII,
685 1748 708 1782 26
724 1746 818 1792 seriptum

26 1793 141 1838 reperiatur:
151 1792 214 1834 αὐτοῦ,
224 1797 243 1827 et
251 1792 378 1827 Humiliarnni
388 1793 471 1838 scriptor
479 1792 545 1838 paullo
555 1804 618 1838 supra,
628 1805 644 1827 ν.
654 1793 681 1836 12,
690 1804 737 1827 usus
746 1793 772 1827 sit
781 1792 818 1827 sin-

26 1839 155 1886 gulariye‘per.
178 1837 222 1873 Non
233 1841 299 1873 tamen
311 1838 400 1882 dixerim,
413 1838 463 1873 hanc
476 1838 501 1873 ob
515 1848 604 1872 caussam
616 1838 716 1873 ferendam
727 1849 766 1872 non
776 1849 819 1873 esse

28 1883 101 1919 codicis
117 1883 131 1919 C
148 1884 270 1929 scripturam:
286 1883 351 1920 αὐτῶν.
376 1881 468 1918 Similiter
479 1884 574 1918 variatam
589 1885 696 1919 orationem
710 1884 775 1919 videre
790 1887 820 1918 est

27 1930 77 1975 apud
86 1928 212 1972 Matthaeum,
222 1930 255 1974 qui
263 1929 328 1974 paullo
337 1931 387 1972 ante,
397 1941 412 1962 ν.
421 1928 449 1971 25,
458 1940 505 1963 usus
514 1929 539 1963 sit
547 1928 618 1973 plurali
624 1933 723 1977 γέμουσιν.
735 1929 773 1964 Hie
782 1929 820 1964 fuit

29 1975 83 2009 etiam
101 1976 120 2009 in
138 1975 225 2019 exemplo
241 1973 315 2019 Rufini,
330 1973 468 2019 interpretatur
482 1973 532 2009 enirn
547 1974 650 2020 Recognit
664 1974 698 2018 VI,
708 1975 738 2009 11:
753 1975 818 2019 „intus

27 2024 90 2056 autem
105 2021 164 2065 plena
175 2023 219 2055 sunt
232 2019 339 2055 sordibus“.
356 2018 443 2066 Utraque
452 2019 542 2065 Epitome
551 2018 571 2054 C.
580 2018 667 2055 LXVIII
675 2019 757 2065 praebet
764 2023 820 2068 γέμει

28 2070 47 2099 et
54 2066 117 2107 αὐτοῦ,
127 2069 149 2100 ut
158 2064 286 2100 Homiliarum
295 2066 337 2101 eod.
347 2063 368 2099 0.

73 2109 120 2145 Cum
135 2112 199 2146 verbis
214 2122 263 2157 quae
278 2114 323 2145 sunt
335 2122 353 2155 p.
364 2110 404 2154 250,
417 2111 427 2144 1
440 2121 468 2156 sq.
481 2109 608 2154 eonferenda,
625 2121 676 2156 quae
691 2110 783 2156 leguntur
798 2110 818 2145 in

27 2156 129 2203 utriusque
142 2156 243 2201 Epitomes
257 2155 277 2191 C.
288 2155 373 2191 LXVIII
384 2166 451 2190 versus
465 2154 528 2191 finem.
551 2154 639 2201 Utraque
654 2156 754 2191 scribendi
767 2156 819 2190 ratic

27 2202 88 2244 proha
101 2205 135 2237 est.
149 2222 172 2227 —
185 2200 209 2237 V.
218 2200 240 2236 18
251 2201 317 2246 inepte
331 2201 436 2236 secundum
448 2200 559 2236 codioemO
572 2200 731 2248 interrogationis
742 2201 819 2248 signum

28 2247 143 2282 collocatum
153 2253 182 2283 est
190 2249 235 2291 post
244 2247 323 2282 verbum
331 2246 413 2293 φονεύει.

71 2292 92 2327 Ρ,
101 2293 141 2338 251,
151 2294 160 2327 1
168 2291 255 2337 Rufinus,
264 2303 323 2338 quum
331 2292 350 2326 in
358 2290 459 2337 llecognit.
467 2291 501 2335 VI,
510 2290 532 2325 13
541 2290 681 2335 interpretatus
691 2291 725 2326 sit:
738 2303 786 2337 „nos
794 2302 819 2326 ne

28 2334 132 2373 irascamur
148 2337 243 2391 quidem“,
258 2341 302 2372 ante
317 2337 383 2372 oculos
396 2336 488 2371 habuisse
501 2336 586 2371 videtur:
599 2336 654 2383 ἡμεῖς
668 2339 727 2386 μηδὲ
741 2336 819 2386 ὀργιζώ-

28 2389 82 2427 μιθα.
102 2383 128 2418 Et
140 2394 168 2418 sie
181 2382 309 2418 scribendum.
328 2382 383 2417 Idem
395 2392 452 2428 quum
463 2392 498 2426 pro
510 2382 585 2416 verbis:
599 2382 610 2426 ἡ
627 2387 654 2422 εἷς
662 2383 696 2425 τὴν
703 2381 764 2431 ἀρχὴν
770 2384 819 2430 μηδὲ

29 2428 174 2477 ἐνθυμηθῶμεν,
189 2428 284 2474 porrigat:
301 2438 347 2470 „nos
361 2437 386 2461 ne
399 2426 556 2471 concupiscamus
570 2427 603 2473 qui
618 2438 648 2462 em
661 2428 744 2463 alienam
752 2427 819 2462 mulie-

28 2478 85 2518 rcm“,
96 2474 146 2508 illud
159 2485 203 2509 vero
218 2473 265 2508 ferri
279 2473 333 2508 nullo
348 2475 404 2519 pacto
420 2472 490 2517 possit,
505 2471 565 2507 facile
579 2472 650 2530 aliquis
666 2472 765 2519 conjiciat,
774 2475 819 2517 post

28 2518 166 2567 ἐνθυμηθῶμεν
174 2518 297 2553 intercidisse
307 2518 375 2553 verba:
389 2517 511 2565 ἀλλοτρίας
524 2531 634 2564 γνναικος
646 2520 781 2567 ἐπιθυμεῖν.
796 2539 820 2544 -

29 2561 51 2597 V.
59 2563 71 2599 4
80 2576 108 2611 sq.
116 2564 196 2600 miretur
205 2563 274 2611 aliquis
283 2563 347 2598 adhuc
355 2562 452 2608 patienter
465 2564 549 2598 tolerata
561 2563 627 2598 verba:
640 2562 753 2611 ἁπαξαπλῶς
765 2564 820 2621 ὀφεί-

28 2610 49 2644 λο
66 2623 86 2647 εν
95 2613 113 2646 οἱ
121 2610 155 2646 τὸν
163 2608 242 2656 ἤπειρον
252 2611 310 2645 crioilo
319 2610 425 2650 ἐλπίζοντες
433 2610 565 2656 κληρονομεῖν,
575 2610 613 2646 τῶν
622 2608 656 2645 τὸν
664 2608 751 2657 παρόντα
758 2623 821 2659 μονον

29 2624 112 2698 teldfort
123 2657 161 2692 τῶν
170 2654 200 2692 ὑπ’
209 2655 271 2691 αὐτῶν
279 2657 387 2703 γενομένων
395 2656 456 2689 καλῶν
464 2659 540 2699 κρείττω
549 2659 618 2691 ποιεῖν,
630 2653 712 2690 Rufinus
721 2655 734 2690 l.
744 2667 769 2691 e:
782 2656 821 2703 „Et

29 2709 63 2743 per
72 2702 136 2737 omnia
143 2712 185 2744 nos,
194 2702 228 2748 qui
236 2699 310 2736 aeterni
319 2699 392 2735 saeculi
400 2699 540 2735 haereditatem
549 2711 655 2746 speramus,
663 2701 757 2737 debemus
765 2713 820 2749 prae-

30 2745 100 2781 cellere
109 2758 148 2791 eos,
158 2746 191 2793 qui
199 2757 291 2793 praesens
299 2749 373 2781 tantum
382 2745 480 2781 saeculum
488 2747 577 2781 norunt“¹
590 2745 609 2780 Is
616 2745 677 2792 igitur·
685 2746 705 2782 in
714 2759 750 2783 suo
758 2759 820 2784 exem-

4 2789 7 2795 “
30 2789 78 2833 plari
86 2804 126 2828 non
134 2793 184 2839 legit
193 2793 259 2834 rerba:
273 2793 310 2829 τῶν
321 2791 351 2827 ὑπ’
361 2791 423 2828 αὐτῶν
434 2795 542 2840 γενομένων
550 2792 616 2829 καλῶν.
640 2792 666 2827 Et
673 2794 763 2839 profecto
771 2793 820 2829 haee
