1824 3065
76 168 119 210 294
286 177 666 213 rumsnaaurnnromrrearrr.

78 274 203 325 scripturam,
215 290 272 325 quam
283 279 428 322 interpretatur:
444 287 496 321 „non
508 275 541 312 hic
551 275 583 312 vel
591 275 627 312 iste
636 274 712 313 homo.“
729 274 824 321 Equidem
833 286 871 313 non

79 325 157 370 dubito,
170 325 216 372 quin
224 327 305 368 utraque
316 321 375 357 lectio
387 325 478 367 corrupta
489 321 520 366 sit,
533 321 562 357 ita
569 325 644 365 tamen,
653 325 675 357 ut
683 332 714 364 ea,
730 331 787 366 quam
795 325 871 365 praeter

79 371 130 417 Epit.
140 371 199 407 libros
205 379 261 404 mser.
270 367 328 403 etiam
335 367 391 403 Hom.
401 367 443 403 cod.
453 366 467 403 C
476 367 565 411 servarit,
572 367 650 414 propius
661 366 743 403 accedat
749 366 774 401 ad
784 365 810 412 id,
820 369 871 411 quod

79 416 183 462 gemdnum
200 416 234 449 est.
258 411 394 448 Contenderim
408 417 473 449 autem
492 413 559 460 quovis
577 412 668 459 pignore,
683 411 772 459 primitus
787 412 871 457 positum

80 462 149 498 fuisse:
159 481 183 486 —
195 458 248 506 οὐχί
259 473 293 499 τις
305 456 327 495 εἶ
329 473 338 499 ς
350 458 459 507 ἅνθρωπος.
468 478 491 483 -
500 459 522 495 V.
531 460 552 494 11
561 469 625 539 neEque
632 465 668 505 ego
674 456 780 503 receperim
789 460 871 505 παρέχει,

81 517 131 554 quae
140 504 193 541 varia
201 508 232 540 est
239 503 298 539 lectio
307 504 327 539 in
335 503 432 540 nonnullis
445 503 500 540 libris
511 515 567 540 mser.
596 504 631 549 pit.
639 504 698 549 prior.
707 502 728 539 C.
737 501 806 538 XCIV.
831 502 872 540 Neo

79 557 143 587 tamen
152 549 273 595 crediderim,
282 549 307 584 ad
315 548 438 596 participium
447 554 535 599 παρέχων
546 554 610 586 mente
623 549 752 595 supplendum
763 558 806 585 esse
814 549 871 593 ἐστίν,

78 598 134 678 11118
148 593 873 687 111111111111111111111121111121111111111,11111·

78 690 95 724 εἰ
104 652 225 724 11111οοῦ111111)
233 685 297 732 potuit
304 685 353 721 fieri.
361 707 384 713 -
395 685 419 722 V.
428 685 451 721 14
459 653 531 723 {ollem
540 666 641 733 scriptdm:
653 688 727 735 μέλλων
738 686 786 722 ποτὲ
797 689 872 722 κοίνειν.

78 733 218 779 Praeterquam
227 731 277 767 enim
286 732 339 778 quod
347 734 395 769 ποτὲ
402 730 552 779 haudquaquam
562 736 592 768 est
599 732 620 767 in
627 731 679 778 Epit.
690 731 761 776 prioris
771 720 830 777 CXV,
839 731 873 767 ubi

79 780 145 824 potius
158 777 250 824 scriptum
264 777 358 822 legimus:
372 777 416 814 τότε
426 780 500 828 μέλλων
510 782 590 825 κρίνειν,
605 781 624 814 et
635 776 679 814 τότε
690 776 775 813 habetur
787 778 845 812 etiam
853 777 873 812 in

78 823 130 870 Epit.
139 823 218 859 alterius
227 821 248 858 C.
256 821 320 865 XCV,
333 822 367 859 ubi
379 822 482 859 verborum
490 823 542 859 idem
551 827 581 858 cst
589 824 646 868 ordo,
660 824 693 869 qui
702 823 722 857 in
730 822 828 866 Homiliis,
842 823 874 858 ad—

79 869 167 905 verbium
175 868 219 905 τότε
227 868 353 914 exquisitiore
361 880 398 904 usu
404 879 542 915 nonnunquam
547 868 651 904 adhibetur
658 868 687 903 ita
693 872 715 904 ut
723 868 758 903 sit:
767 868 813 912 „ubi
820 867 874 912 fient,

81 916 105 950 de
121 914 191 961 quibus
206 914 276 949 dicitur
290 915 321 949 vel
337 914 409 949 dictum
423 916 475 959 cst“;
496 913 530 950 cfr.
546 913 649 950 Fritzschii
664 912 794 949 Commentar.
811 913 832 949 in
846 913 874 950 IV

79 961 154 1007 Erang.
164 960 180 1005 I,
192 972 211 1006 p.
224 959 265 995 431.
275 959 313 994 143.
324 980 348 985 -
360 958 384 995 V.
396 959 418 994 16
431 959 526 995 servanda
537 962 579 995 erat
591 959 663 995 codicis
673 957 688 994 C
697 960 802 1005 scriptura:
811 964 874 1005 κρίνει,

82 1016 132 1053 quae
141 1009 172 1040 est
180 1005 237 1040 etiam
245 1004 266 1039 in
274 1005 375 1052 utriusque
383 1004 435 1050 Epit.
445 1003 465 1040 C.
473 1003 533 1040 XCV.
547 1025 567 1031 -
576 1004 600 1041 V.
610 1005 631 1039 17
639 1004 691 1040 bene
699 1004 748 1040 iecit
755 1004 873 1051 Dresseuus,

80 1051 133 1098 quod
141 1062 179 1086 non
188 1050 275 1096 scripsit:
285 1056 399 1099 τιμωρεῖται.
419 1051 489 1086 Activo
501 1049 562 1086 utitur
575 1049 704 1086 Homiliarum
719 1050 802 1096 scriptor
816 1050 874 1086 etiam

80 1097 147 1142 paullo
156 1096 208 1131 infra
217 1108 233 1131 v.
242 1096 264 1131 18
273 1107 306 1143 sq,
315 1096 417 1142 p.275,16,
430 1096 469 1141 277,
478 1096 502 1137 15,
516 1099 536 1132 et
551 1096 580 1140 la,
591 1094 631 1141 278,
640 1096 651 1130 6
665 1100 686 1131 et
699 1095 711 1130 8
719 1107 752 1143 sq,
761 1096 801 1136 279,
809 1095 822 1131 4
830 1099 850 1131 et
858 1096 873 1131 6.

82 1142 159 1179 Vellem
167 1145 232 1177 autem
243 1152 307 1189 neque
319 1142 339 1177 iu
348 1142 399 1187 Epit.
410 1141 490 1177 alterius
499 1140 520 1177 C.
529 1140 594 1177 CXVI
601 1141 711 1177 admisisset
722 1142 807 1177 medium
816 1156 874 1189 τιμω«

82 1189 166 1236 ροῦνται,
176 1198 235 1233 quum
243 1187 356 1233 praesertim
364 1186 450 1232 proxime
459 1190 552 1233 sequatur
560 1187 644 1223 activum
653 1201 670 1223 τι
680 1189 764 1233 ιωροῦσι.

130 1233 151 1268 Ρ.
159 1233 199 1274 275,
208 1234 218 1268 7
228 1233 316 1268 dubitare
323 1233 378 1277 licet,
389 1235 454 1268 utrum
461 1233 556 1268 intactum
564 1201 710 1280 relinquendum
720 1233 746 1267 sit
757 1233 814 1277 ἔνιοι,
823 1233 876 1278 quod

83 1279 156 1325 legitur
168 1278 225 1314 etiam
240 1279 260 1313 in
271 1278 323 1322 Epit.
336 1278 415 1313 alterius
428 1276 520 1323 CXCV,
534 1290 559 1313 an
569 1277 700 1325 probandum:
717 1279 784 1321 ἐνίοτε,
797 1279 849 1326 quod
857 1278 877 1313 in

82 1324 135 1370 Epit.
143 1323 213 1369 prioris
223 1322 244 1359 C.
253 1323 307 1360 XCV
320 1336 343 1360 ex
354 1323 441 1369 plurimis
453 1323 510 1360 libris
518 1335 575 1360 mser.
583 1327 683 1370 receptum
690 1324 784 1359 videmus.
792 1344 816 1350 —
823 1324 846 1360 V.
855 1323 877 1358 14

84 1369 213 1405 omittendum
222 1373 264 1405 erat
272 1371 308 1406 νῦν
317 1369 422 1405 secundum
431 1369 519 1405 codicem
528 1369 550 1406 Ο.

129 1414 150 1450 Ρ.
158 1414 198 1459 276,
208 1413 271 1450 llibri
279 1415 382 1460 praebent:
395 1414 442 1451 ποῖά
449 1415 501 1452 ἔστιν
509 1413 567 1452 αὐτοῦ
578 1415 626 1457 ἴδια,
635 1419 683 1451 ποῖα
692 1415 713 1451 δὲ
722 1414 755 1450 οὐκ
763 1413 796 1459 ἦν,
810 1418 877 1450 contra

82 1460 103 1495 in
110 1460 163 1507 Epis.
185 1460 241 1496 rioris
251 1458 272 1497 C.
280 1459 355 1497 XCVI:
362 1470 386 1486 -'—
395 1460 487 1510 οὖνέστι,
496 1461 543 1497 etin
551 1460 604 1507 Epit.
613 1460 692 1496 alterius
701 1458 722 1495 C.
730 1458 803 1496 XCVI:
812 1481 834 1486 —
843 1460 877 1497 οὐκ

83 1510 137 1544 εἰσίν.
181 1517 206 1541 ou
214 1506 276 1543 audeo
285 1509 361 1541 tentare
369 1505 418 1541 illud
427 1511 454 1552 ἡν,
463 1509 484 1542 at
491 1506 557 1542 neseio
566 1517 591 1542 an
598 1516 633 1552 pro
640 1504 679 1541 hoc
688 1508 736 1543 εἰσὶν
744 1506 876 1552 reponendum

84 1552 118 1587 sit:
130 1552 189 1594 ἔστι,
205 1551 293 1598 quamvis
304 1551 366 1598 probe
378 1563 451 1587 memor
462 1551 498 1586 sim
507 1562 582 1597 eorum,
594 1562 644 1597 quae
653 1551 749 1597 disputavi
758 1563 815 1597 supra
823 1553 848 1587 ad
857 1563 876 1597 p.

83 1597 122 1643 107,
131 1597 142 1632 9
159 1600 178 1631 et
191 1597 250 1642 218,1
260 1608 287 1644 sq.
299 1617 322 1623 -
332 1596 356 1632 V.
365 1597 387 1632 10
395 1597 500 1632 secundum
510 1598 552 1632 cod.
561 1595 576 1632 C
588 1596 711 1632 scribendum
725 1600 776 1632 erat:
785 1599 826 1634 ἐπεὶ
835 1596 874 1639 οὖν,

84 1642 136 1690 quod
150 1643 213 1689 ipsum
224 1653 276 1678 nuuc
287 1643 360 1678 editum
372 1641 436 1678 rddere
452 1645 482 1678 est
493 1642 514 1677 in
524 1642 575 1689 Epit.
587 1642 666 1678 alterius
674 1640 694 1677 C.
702 1640 773 1678 XCVI.
788 1663 809 1669 —
821 1642 844 1679 V.
853 1642 875 1678 16

83 1693 160 1736 γίνεται,
170 1688 223 1733 quod
231 1691 261 1724 est
268 1688 289 1723 in
298 1688 340 1724 cod.
348 1688 398 1735 Reg.
407 1687 447 1732 804,
459 1687 519 1724 habet
530 1687 588 1724 etiam
595 1687 646 1732 Epit.
658 1688 737 1724 alterius
751 1686 771 1724 C.
779 1686 850 1735 XCVI,
859 1700 877 1734 p.

84 1734 124 1780 180,
132 1734 149 1779 5,
158 1733 192 1769 ubi
201 1745 240 1769 non
249 1737 356 1770 correctum
365 1734 446 1770 mireris.

129 1780 151 1814 P.
159 1778 198 1823 277,
207 1780 218 1815 3
230 1790 264 1814 cur
271 1779 382 1815 Drcsseiius
391 1779 506 1825 scripturam
514 1779 587 1814 codicis
597 1777 624 1814 C:
637 1777 695 1821 καθὰ,
708 1778 823 1824 praetulerit
832 1780 877 1814 sori-

84 1828 154 1872 pturae
168 1824 242 1860 codicis
254 1825 279 1860 0:
293 1824 351 1868 arrad,
363 1836 403 1861 non
415 1828 492 1870 exputo.
515 1824 580 1860 Etiam
591 1824 611 1859 in
622 1823 673 1869 Epit.
687 1824 768 1860 alterius
781 1822 801 1860 C.
814 1824 879 1861 XCVI

85 1871 189 1916 reperitur:
203 1870 244 1908 καθ’
256 1868 271 1906 ὃ.
283 1891 306 1897 -
318 1870 392 1918 V.4sq
408 1898 411 1905 .
426 1881 476 1917 quae
487 1873 533 1906 sunt
543 1870 611 1906 verba:
629 1871 687 1907 ἐλεεῖν
698 1869 844 1916 συνεβούλευσεν
855 1869 879 1911 ὡς

87 1920 235 1963 φιλανθρωπίαν
243 1916 339 1958 ἀσκοῦσιν,
347 1919 378 1952 καὶ
386 1932 407 1953 το
417 1915 464 1953 ὅσον
472 1917 500 1953 ἐπ’
510 1915 575 1956 αὐτοῖς
583 1917 640 1957 ἐστίν,
649 1915 786 1965 ἀδικουμένους
792 1921 823 1953 ναὶ
829 1916 879 1952 αἰπο-

86 1960 139 1999 λύειν
147 1966 179 2008 τῆς
186 1963 286 2007 καταδίκης
294 1960 338 2002 τοὺς
348 1960 460 2002 ἀδικοῦντας
464 1990 469 2005 ,
478 1961 616 1998 commutanda
624 1972 667 1997 esse
677 1972 720 1997 eum
728 1961 758 2002 iis,
768 1972 818 2008 quae
826 1972 880 2008 repe»

86 2009 162 2043 riuutur
170 2008 190 2042 in
198 2006 251 2051 Epit.
260 2007 338 2042 alterius
348 2005 368 2042 C.
376 2005 449 2042 XCVI:
462 2028 485 2033 —
495 2009 526 2044 καὶ
536 2006 558 2044 τὸ
571 2006 618 2045 ὅσον
630 2007 659 2043 ἐπ’
668 2006 732 2048 αὐτοῖς
740 2008 782 2044 ἐστὶ
790 2013 830 2048 τοῖς
837 2007 880 2044 r’rdr-

86 2055 192 2103 κουμένοις,
199 2050 290 2089 ἀπολύειν
297 2054 348 2097 cett,
356 2051 480 2087 contendenti
486 2051 611 2088 Dresselioin
617 2053 683 2088 adnot.
692 2053 703 2088 9
711 2053 736 2087 ad
743 2052 779 2098 Ep.
788 2053 821 2087 alt.
830 2051 850 2088 C.
858 2064 879 2095 ο,

86 2098 237 2145 haudquaquam
249 2097 363 2144 adstipulor.
383 2096 411 2132 Ar
420 2096 462 2133 fieri
474 2100 540 2143 potest
550 2099 673 2143 discriptum
683 2098 750 2133 fuerit:
759 2101 817 2135 ἐλεεῖν
826 2109 881 2135 συνε-

85 2143 187 2192 βούλευσεν
198 2142 223 2184 ώς
233 2145 381 2192 φιλανθρωπίαν
392 2142 472 2180 ἇσκοῦσν
488 2147 536 2184 τοῖς
548 2144 647 2183 δικαίοις
660 2143 743 2180 ἄδικον
765 2147 835 2188 ένοις,
844 2147 880 2184 καὶ,

87 2190 145 2227 ὅσον
157 2189 182 2226 τὸ
196 2189 228 2226 ἐπ’
240 2188 324 2230 αὐτοῖς
337 2189 386 2232 ἔστί,
401 2193 432 2225 καὶ
443 2187 534 2226 ἀπολύειν
547 2188 578 2223 vel
586 2186 676 2225 ἀπολύειν
685 2192 729 2224 cett.
760 2189 782 2224 fr.
790 2201 809 2235 p.
816 2190 856 2233 278,
864 2188 881 2224 4.

88 2235 209 2282 Corrigenda
225 2245 268 2271 esse
282 2235 340 2270 etiam
354 2235 424 2271 verba:
440 2233 462 2271 τὸ
477 2233 568 2272 ὅσονίτί
584 2234 649 2274 αὐτοῖς
664 2235 713 2278 ἐστί,
727 2236 768 2281 jam
784 2246 842 2282 supra
856 2236 881 2270 ad

86 2293 106 2327 p.
114 2280 154 2325 212,
163 2282 174 2317 7
184 2279 340 2326 significavimus.
364 2280 385 2316 P.
394 2280 434 2326 225,
445 2280 469 2316 14
479 2280 510 2316 hic
523 2280 565 2326 ipse
577 2280 661 2327 scriptor
672 2280 745 2325 posuit:
757 2281 805 2319 ὅσον
817 2280 839 2317 τὸ
851 2281 881 2329 ἐφ)

87 2327 139 2375 ἡμῖν.
147 2347 170 2352 -
181 2325 205 2363 V.
214 2326 241 2369 12,
252 2337 309 2372 quum
321 2326 387 2372 paullo
396 2329 450 2371 ante,
460 2338 476 2362 v.
485 2325 496 2360 8
505 2326 533 2372 s'q.
542 2327 630 2372 legatur:
642 2327 677 2362 τοῦ
684 2324 719 2373 γὰρ
728 2332 799 2365 παθεῖν
808 2325 882 2368 πάντας

88 2375 199 2421 κεκριμένου
208 2376 250 2414 τινί,
259 2375 335 2408 tentare
343 2372 399 2407 iicet:
411 2373 420 2407 ἒ
442 2375 464 2408 οὶ
472 2371 548 2413 παντως
556 2373 597 2408 τοῦ
608 2377 680 2409 παθεῖν
687 2376 804 2421 κεκριμένου.
827 2372 882 2408 Idem

89 2418 143 2453 valet
151 2419 175 2453 de
183 2417 235 2463 Epit.
243 2416 323 2453 alterius
333 2415 353 2453 C.
361 2387 475 2461 xerdfubi
484 2419 562 2453 eaedem
570 2422 616 2454 sunt
623 2416 735 2463 scripturae.
743 2439 766 2445 -—
773 2418 797 2454 V.
805 2417 827 2453 13
836 2418 882 2454 scri-

90 2463 186 2499 bendum:
203 2463 306 2508 ποιοῦμεν,
322 2463 375 2509 quod
385 2462 449 2508 ipsum
460 2463 543 2509 porrigit
555 2463 607 2509 Epit.
619 2464 652 2499 alt.
668 2461 688 2499 C.
701 2463 771 2500 XCVI.
796 2462 882 2500 Subinde

89 2510 158 2544 eadem
169 2508 260 2554 Epitome
269 2508 337 2544 habet:
348 2508 400 2558 παρὰ
407 2509 429 2546 τὸ
438 2510 512 2559 πρῶτοι
521 2506 532 2554 ἢ
540 2509 631 2558 δεύτεροι.
654 2507 681 2543 Et
688 2510 777 2555 profecto
787 2510 883 2554 scriptura

90 2554 146 2591 Hom.
158 2555 256 2590 codicum:
270 2553 321 2600 παρὰ
331 2553 353 2591 τὸ
369 2556 451 2603 πρῶτοι,
466 2553 557 2601 δεύτεροι,
573 2554 619 2590 ferri
633 2554 707 2600 nequit.
721 2553 821 2590 -Etiam
831 2566 848 2591 v.
860 2555 883 2590 15

89 2599 177 2681 cqqidlqm
190 2600 296 2681 rgeg4eperim
307 2598 389 2643 εἰδότας,
407 2599 459 2646 quod
474 2599 533 2635 estin
545 2599 597 2646 Epit.
607 2600 640 2636 alt
654 2599 674 2636 C.
684 2612 700 2637 c.
713 2600 786 2647 pariter
795 2603 855 2648 atque
863 2600 883 2635 iu

90 2656 112 2681 eo
128 2675 132 2682 .
159 2656 169 2681 e
184 2673 187 2679 .
232 2672 236 2680 .
543 2677 544 2680 ,

134 2690 156 2725 P.
165 2657 205 2735 2378,
213 2690 224 2726 5
232 2690 318 2737 ineptam
327 2690 348 2725 in
356 2690 431 2726 verbis:
439 2693 470 2727 καὶ
478 2689 529 2729 πάνυ
537 2689 682 2740 ἁμαρτάνουσιν,
691 2690 740 2738 πρὸς
747 2692 782 2741 γὰρ
792 2691 813 2727 τὸ
822 2691 883 2738 ἆμαρ-

89 2734 151 2772 τιὶνειν
157 2735 235 2777 ἑαυτοὺς
240 2735 388 2778 ἀποδεδωκότες,
398 2736 512 2782 particulam
518 2736 554 2783 γὰρ
562 2748 601 2772 non
605 2735 719 2782 habetEpit.
725 2737 780 2773 alter.
787 2735 883 2774 CXCVI.

89 2780 132 2826 Ego
137 2784 243 2817 tamennon
248 2782 332 2817 arbitror
337 2781 415 2818 omnino
420 2781 555 2827 abjiciendam,
565 2783 600 2817 sed
608 2782 719 2817 mutandam
726 2782 757 2816 in:
765 2795 794 2829 γε.
802 2804 824 2809 -
833 2783 857 2820 V.
862 2782 884 2817 14

89 2824 672 2918 {titutaadtribuatttt‘attttt'ttttdtffl
680 2826 883 2910 tutatuta

101 2896 102 2900 ¹
176 2896 179 2901 '
196 2900 200 2908 ·
387 2898 397 2917 *r
501 2899 503 2904 .
541 2900 546 2915 ι
650 2898 657 2906 ν
666 2893 689 2899 “
715 2899 719 2907 ⁴
