1827 3065
353 126 458 159 armona
472 128 547 161 Paroa.
808 116 849 158 111

104 228 179 267 CLXV.
200 224 338 271 Conspirantes
347 235 393 272 ergo
402 225 493 262 adversus
502 238 544 263 eum
553 226 691 275 improbissimi
700 225 729 261 illi
738 225 791 262 cives
799 226 851 263 mala

59 292 81 318 oc
89 275 154 319 foeda,
166 277 189 309 nt
196 270 235 319 ipsi
243 270 395 315 arbitrabantur,
409 271 432 307 de
441 271 474 308 illo
483 272 596 309 diffundunt
603 272 703 319 multaque
712 271 807 308 obiiciunt
815 273 850 308 eri-

59 326 117 367 mina,
130 316 246 367 praestigias
260 315 278 351 ei
292 315 400 352 attribuunt
414 320 434 352 et
448 318 548 366 religionis
563 330 629 355 eorum
641 317 761 354 eversionem
774 318 850 365 aliaque

60 369 139 419 plurima
151 368 209 410 atque
223 361 299 405 dicunt,
312 361 336 397 ab
348 362 391 408 ipso
402 362 456 398 affici
464 365 586 400 contumeliis
598 368 618 400 et
626 363 708 401 lacerari
715 363 789 410 patrios
798 364 850 409 deos,

5 415 6 418 ’
59 421 79 453 nt
94 412 126 460 qui
136 411 203 446 Iovem
216 407 300 442 omnium
312 407 391 443 deorum
401 408 503 445 maximum
514 422 576 457 neque
585 410 642 446 deum
650 421 727 457 prorsus
737 409 850 454 nominaret,

59 458 160 498 Herculem
169 466 214 490 vero
222 451 328 488 Alcmenae
337 451 405 499 filium,
415 466 471 501 quem
479 455 509 490 illi
517 468 572 491 suum
580 459 736 493 conservatorem
744 455 808 500 aiunt,
817 455 851 490 im-

60 516 125 555 purum
137 499 232 548 quendam
242 498 354 551 daemonem
362 503 382 535 et
394 501 497 536 scelestum
505 507 592 546 vocaret,
603 502 723 538 carissimam
731 504 752 537 et
760 501 851 537 suavissi-

60 558 107 588 mam
113 548 208 584 Venerem
214 546 334 580 meretricem
342 545 449 591 mdueeret,
458 549 516 593 atque
522 548 613 593 optimam
620 547 754 584 iaculatricem
760 546 851 591 Dianam,

61 596 165 644 sapientem
176 590 293 627 Mercurium
307 590 363 626 deum
375 592 477 636 sermonis,
491 593 605 629 bellicosum
615 593 698 630 Martem
710 591 850 639 Saturnumque

60 645 120 690 ipsum
129 650 152 675 er
164 647 226 684 aequo
237 646 303 671 omnes
314 635 416 673 infamaret
428 641 486 684 atque
495 639 634 684 criminaretur,
646 650 722 676 necnon
729 638 797 675 horum
805 638 851 675 fana

61 692 79 725 et
87 698 128 723 aras
137 685 236 719 everteret.
249 680 282 716 Ad
290 693 383 718 summam
391 683 479 719 aiebant:
491 683 532 719 Aut
540 684 577 719 diis
587 684 683 721 sacrificet
692 689 726 721 aut
734 685 775 721 vita
783 685 850 721 statim

60 733 147 781 privetur.
170 728 235 774 Atque
247 727 278 761 illi
289 727 367 773 quidem
378 729 427 764 talla
437 733 535 765 moventes
546 730 648 777 petebant,
660 734 682 767 ut
690 730 728 766 sibi
736 731 762 766 ad
769 734 850 766 mortem

61 778 165 815 traderetur
170 772 286 821 patriarcha.
295 771 328 825 'Ob
335 784 384 819 quae
390 774 547 822 indignabantur,
554 776 662 823 quIcrmque
684 776 754 812 ecunia
761 776 850 812 venalem

61 820 197 860 conscientiam
205 830 244 854 non
256 817 391 864 exhibuerant,
404 820 568 867 loquebanturque
580 821 605 857 ad
615 789 706 868 popuiirm
714 821 776 857 libere
785 821 850 857 (ficen-

60 874 87 905 tes
95 881 99 902 z
108 866 157 909 Quid
164 864 212 901 mali
220 875 232 899 a
238 863 348 910 patriarcha
356 868 433 910 gestum
441 869 481 912 est3
490 866 547 902 immo
555 878 599 902 vero
608 878 656 913 quae
662 866 759 903 beneficia
766 878 801 913 per
807 879 850 903 eum

2 922 3 925 ’
62 914 129 951 civitas
137 923 176 947 non
185 914 215 947 est
224 909 343 946 consecuta?
354 911 469 959 Deindeque
476 912 554 960 singula
561 924 609 959 quae
615 912 730 949 mirabiliter
736 912 760 949 ab
768 924 791 948 eo
797 912 850 949 facta

1 988 6 1005 ,
61 961 135 995 fuerant
142 955 279 999 recensebant,
291 959 311 991 et
323 967 387 992 eorum
395 968 443 1004 quae
451 958 582 994 memorabant
590 958 642 1005 ipsos
650 958 775 995 assumebant
783 961 849 994 testes.

104 1024 190 1061 CLXVI.
214 1022 415 1061 Mamertinusautem
422 1026 466 1062 urbi
473 1026 582 1073 praefectus
591 1026 640 1062 adeo
649 1026 744 1062 seditione
754 1026 849 1073 agitatam

1 1070 2 1073 ’
60 1072 155 1109 civitatem
167 1070 232 1105 videre
244 1081 282 1104 non
291 1071 399 1115 sustinens,
408 1073 433 1107 ad
441 1071 490 1107 haec
498 1083 554 1107 verae
565 1071 666 1118 religionis
674 1072 793 1106 incremento
801 1071 849 1106 invi-

62 1119 112 1162 dens,
121 1116 147 1152 ad
155 1127 175 1152 se
184 1114 266 1151 arcessit
273 1115 351 1151 beatum
361 1115 479 1152 Clementem
486 1116 589 1162 verbisque
598 1120 638 1151 tam
646 1128 760 1163 generosum
766 1116 850 1151 animum

60 1166 136 1199 conatur
144 1162 212 1197 fallere
219 1171 242 1195 ao
249 1160 343 1197 abducere
351 1162 426 1198 dicens:
439 1162 469 1196 Ex
475 1162 537 1197 nobili
544 1163 604 1207 stirpe
611 1165 663 1196 ortus
670 1173 700 1206 es,
708 1161 745 1197 hoc
753 1162 776 1196 de
782 1165 803 1196 te
809 1173 851 1208 per-

2 1234 4 1237 s
60 1209 112 1245 hibet
119 1207 251 1242 testimonium
259 1207 320 1242 omnis
326 1208 408 1253 populus
416 1207 525 1252 Romanus3
538 1207 572 1242 sed
584 1207 654 1253 etipse
662 1207 683 1242 in
690 1207 793 1242 humanum
802 1219 850 1242 erro-

60 1266 97 1289 rem
105 1252 208 1297 incmristi,
218 1255 275 1298 atque
285 1252 329 1288 ideo
337 1264 399 1299 neque
407 1253 453 1289 urbs
461 1256 526 1288 tacere
534 1256 606 1299 potest.
618 1251 680 1288 Aiunt
688 1252 745 1297 enirn,
754 1256 774 1287 te
782 1264 851 1288 novam

5 1327 7 1329 ,
60 1299 148 1334 inducere
156 1298 276 1345 religionem,
286 1301 305 1333 et
314 1302 381 1334 contra
390 1298 436 1333 deos
445 1298 518 1345 patrios
526 1298 639 1345 praedicare
646 1297 742 1345 quendam
748 1296 850 1333 Christum.

60 1345 119 1386 erare
128 1347 213 1390 oportet,
225 1345 245 1378 te
258 1343 342 1379 abiicere
355 1343 469 1391 superfluam
480 1343 531 1379 hanc
540 1344 706 1390 superstitionem,
716 1343 799 1390 deosque
808 1347 851 1379 tan-

2 1425 4 1428 ,
59 1394 98 1425 tum
105 1389 187 1425 revereri
196 1393 215 1424 et
225 1388 294 1434 colere,
303 1400 351 1435 quos
360 1390 429 1425 civitas
438 1390 493 1425 solet,
510 1388 542 1424 Ad
549 1389 598 1425 haec
605 1389 715 1436 patriarcha
724 1387 771 1434 Oro,
781 1389 850 1442 inquit,

60 1439 111 1470 tuam
119 1434 235 1482 gravitatem
244 1437 264 1469 et
275 1435 413 1480 constantiam,
424 1438 447 1470 ut
457 1434 505 1470 mihi
517 1435 611 1471 concedas
623 1434 683 1471 verba
693 1434 757 1470 facere
769 1446 792 1470 ac
803 1446 851 1470 mers

3 1486 8 1506 ³³
59 1480 213 1527 responsionibus
225 1480 325 1525 attendas,
337 1492 376 1516 non
388 1484 452 1517 autem
464 1481 512 1516 adeo
524 1481 599 1517 ratione
612 1481 726 1517 destitutam
735 1480 850 1516 seditionem

59 1526 188 1572 tumultusque
196 1537 256 1561 vanos
264 1526 387 1562 consecteris.
399 1526 429 1563 Ne

2 1567 3 1570 Ἰ
431 1538 467 1607 qne
475 1527 526 1563 enim
532 1538 579 1574 opus
588 1530 618 1563 est
625 1527 727 1571 seditione,
736 1537 772 1562 nee
780 1527 850 1562 tumul—

7 1578 8 1581 ’
59 1570 118 1615 tibus,
126 1572 161 1608 ubi
169 1571 253 1618 cuipiam
260 1572 380 1618 propositum
392 1576 422 1608 est
444 1584 454 1608 e
464 1572 527 1608 salute
536 1584 571 1608 sua
579 1573 700 1609 considerare
708 1575 766 1619 atque
775 1572 799 1608 de
807 1572 851 1608 Deo

3 1631 5 1633 ·
60 1616 155 1653 disserere.
179 1618 247 1664 ltaque
258 1618 368 1663 praefectus
380 1621 478 1665 comperta
487 1618 559 1664 eripso
571 1619 637 1654 statim
650 1617 727 1654 exordio
741 1618 851 1653 constantia

59 1662 93 1697 viri
101 1666 121 1698 et
129 1662 253 1707 fortitudine,
266 1663 376 1709 veritusque
384 1667 425 1699 tum
433 1664 475 1710 ipse
484 1664 558 1708 dicere,
571 1667 612 1699 tum
621 1667 641 1699 et
649 1664 673 1699 ab
684 1675 707 1700 eo
715 1663 782 1699 andire
790 1666 849 1709 atque

1 1744 7 1755 πῖ
59 1708 205 1745 collocutionem
213 1709 323 1744 detrectans
332 1709 357 1745 ad
365 1709 470 1744 Traianum
477 1709 614 1756 Imperatorem
623 1709 646 1744 de
655 1709 689 1745 illo
697 1708 761 1744 refert.
778 1709 804 1744 Et
811 1708 849 1743 lm-

0 1767 3 1795 ;
58 1757 132 1799 perator
139 1754 165 1790 ad
172 1755 231 1789 istum
238 1754 315 1789 modum
324 1755 342 1789 ei
351 1766 399 1800 quae
409 1755 481 1800 scripta
489 1757 544 1790 erant
552 1754 631 1799 dirimit,
640 1758 662 1790 ut
671 1754 761 1791 Clemens
770 1758 803 1790 aut
812 1754 850 1789 diis

59 1799 125 1844 patriis
138 1799 235 1835 sacrificet
245 1802 279 1834 aut
290 1803 343 1835 trans
351 1800 434 1835 Pontum
446 1802 466 1835 in
478 1800 574 1835 desertum
585 1800 665 1846 aliquod
676 1799 767 1848 oppidum
779 1811 850 1843 eorrun,

0 1851 4 1899 ἰ
60 1855 107 1889 quae
117 1844 210 1880 Chersoni
219 1844 315 1890 adiacent,
323 1845 385 1881 Roma
392 1849 485 1893 perpetuo
494 1846 562 1881 exsilio
571 1846 678 1893 ablegetur.

102 1911 200 1949 CLXVII.
223 1911 266 1948 Hac
274 1912 340 1959 itaque
350 1913 447 1950 sententia
459 1916 540 1960 accepta
553 1914 653 1961 cogitabat
664 1913 801 1959 Mamertinus,
814 1926 851 1968 quo

0 1954 5 1971 '⁸
60 1958 114 1994 modo
124 1957 212 1994 Clemens
220 1970 259 1993 non
267 1959 349 2007 eligeret
357 1959 452 2004 exsilium,
462 1960 497 1995 sed
504 1959 570 2006 potius
576 1964 652 2007 pareret
660 1960 699 2008 ipsi
706 1972 729 1996 ac
737 1959 851 2007 Imperatori

59 2005 240 2051 atqneimmolaret.
264 2003 309 2041 Non
317 2005 369 2040 enim
377 2005 487 2042 sustinebat
498 2005 569 2053 privari
579 2009 636 2042 tanta
647 2006 769 2042 virivirtute.
792 2006 851 2042 Porro

60 2046 153 2085 Clementi
162 2051 210 2086 adeo
218 2061 274 2085 curae
281 2050 319 2085 iuit
325 2051 458 2098 obtemperare
465 2051 511 2096 illis,
521 2054 554 2087 aut
560 2052 642 2088 moleste
648 2052 698 2088 ferre
704 2051 850 2098 relegationem,

59 2097 80 2127 ut
92 2095 149 2131 ctiam
157 2096 183 2131 ad
190 2096 284 2143 pictatem
291 2096 411 2143 praefectum
421 2097 517 2133 attrahere
526 2097 625 2133 niteretur.
650 2098 714 2133 Tanta
722 2099 793 2143 quippe
803 2097 851 2132 divi-

0 2164 1 2167 *
60 2138 110 2175 nitus
124 2140 244 2177 Clementem
258 2142 322 2189 gratia
335 2142 466 2179 circumdabat
478 2143 544 2188 sicque
559 2143 611 2179 illius
623 2143 691 2191 lingua
703 2143 754 2178 omni
768 2142 813 2179 favo
827 2155 850 2179 ac

0 2201 2 2235 J
60 2185 115 2236 melle
128 2187 204 2223 dulcius
217 2187 316 2232 stillabat,
328 2192 350 2224 nt
358 2189 400 2235 ipse
409 2200 484 2235 quoque
492 2188 529 2223 viri
539 2188 613 2224 fervido
622 2191 685 2225 amore
694 2191 762 2235 captus
770 2187 851 2224 Mamer-

59 2231 109 2281 tinus
115 2233 217 2279 plurimum
222 2244 245 2268 err
251 2233 292 2268 eius
299 2234 387 2269 discessu
393 2234 509 2281 ingemuerit
514 2233 641 2279 lacrimasque
648 2234 724 2270 dederit
730 2234 851 2281 patriarchae

2 2282 4 2285 ·
60 2273 133 2326 dicens:
147 2278 211 2324 Deus,
221 2289 277 2325 quem
285 2282 307 2315 tn
316 2279 389 2315 sincere
399 2280 456 2324 colis,
465 2279 507 2326 ipse
515 2278 553 2315 tibi
561 2279 664 2316 auxiliator
671 2280 693 2316 in
701 2280 813 2316 calamitate
822 2292 851 2316 as-

0 2359 3 2368 ,¹
60 2325 124 2369 sistat3
137 2324 241 2372 statimque
249 2325 349 2373 navigium
359 2325 456 2372 paraverit
464 2325 560 2372 imposItis
572 2325 600 2370 ei,
612 2337 661 2372 quae
669 2326 694 2362 ad
702 2338 758 2362 nsum
767 2325 851 2363 sufficie—

65 2423 198 2437 'R

3 2538 5 2541 .
93 2494 132 2573 an.
147 2498 217 2534 CLXV.
237 2495 256 2543 1)
269 2495 374 2544 ἐπάγουσιν
382 2500 441 2532 iuitin
470 2499 513 2532 BCD
523 2510 537 2533 c.
547 2500 572 2533 ed.
584 2501 645 2544 prino,
656 2498 801 2546 ἀπεριῧ-μοῦντο
814 2500 851 2533 Cot.

60 2536 77 2569 0·
85 2557 107 2563 -
118 2542 137 2581 ⁶)
145 2541 193 2578 θεὸν
201 2545 223 2577 al.
232 2555 258 2588 ap.
268 2545 314 2586 Cot.;
328 2545 373 2577 idem
382 2545 415 2577 fuit
423 2545 441 2577 in
470 2545 514 2578 Cler.

0 2617 1 2621 ,
59 2583 78 2615 Β·
88 2603 111 2608 -
126 2586 142 2626 ὅ)
160 2589 243 2623 Similiter
257 2591 301 2634 apud
315 2590 441 2632 Theodoritnm,

60 2627 138 2681 Sermone
150 2634 175 2688 de²
182 2636 294 2678 Martyribus:
305 2633 395 2689 ‘Hpoatfo
404 2643 441 2670 σω·
505 2636 545 2679 Cap.
555 2636 632 2687 ChXVI.
646 2634 662 2675 l)
669 2631 852 2680 upporrcrvBCD.—

60 2679 440 2767 ittsst)ttttttttdtfftttttt·
471 2678 607 2726 Mamm

59 2762 79 2796 D·
90 2783 113 2790 -
124 2739 263 2816 fililaudaporio
275 2738 441 2819 diigitvotpov'
505 2773 545 2816 Cap.
562 2772 648 2805 CLXVII.
673 2770 691 2818 l)
709 2772 810 2816 ἐμέλλησεν
829 2774 851 2807 al.

2 2825 3 2828 κ
59 2811 121 2855 transp.
130 2814 148 2847 C.
162 2834 185 2840 -
197 2814 214 2859 6)
224 2815 283 2851 αὐτοῦ
295 2818 313 2851 C.
325 2836 347 2842 —
361 2817 378 2859 7)
391 2814 441 2860 ἀπή·
470 2829 497 2863 ap.
514 2818 550 2851 Cot.
574 2836 597 2840 —
615 2815 633 2860 2)
649 2815 661 2862 ἢ
680 2810 773 2853 ucat‘non
794 2823 811 2852 et
831 2820 852 2851 ol.

60 2853 127 2892 λαυσεν
135 2870 178 2894 corr.
186 2859 317 2897 exdntltcuoev
326 2860 403 2908 B.—8)
413 2864 441 2896 Sic
471 2875 497 2908 op.
518 2864 556 2896 Cot.
576 2881 599 2887 —
626 2860 645 2909 3)
666 2860 676 2897 ὃ
696 2861 742 2909 (sio)
762 2865 783 2897 D.
806 2883 829 2888 -
