1827 3065
77 156 120 199 280
277 165 655 202 rwmsnnamanuorrrrcmrr.

72 267 148 314 rigant:
163 272 179 305 εἰ
190 269 216 317 μή
226 267 278 306 ἐκτὸς
290 265 347 313 ιύιροι
359 267 411 308 cett,
426 264 511 311 genuina
523 263 623 310 scriptoris
637 275 705 300 manus
718 262 780 299 fuisse
792 263 865 302 videtur

72 313 133 350 haec:
142 318 158 351 εἰ
166 313 192 363 μή
202 315 224 349 ἔκ
232 325 295 351 τινος
303 309 377 359 τύφου
386 309 468 358 ἀρχαίων
476 309 585 356 ἀνθρώπων
594 314 650 353 εἰσίν,
663 309 682 345 h.
690 321 707 345 e.
715 308 753 344 nisi
766 308 866 349 simulacra

72 363 192 395 mortuorum
200 361 250 393 sunt.
273 356 334 392 Verbi
343 359 391 392 εἰσὶν
399 356 505 392 mutatione
515 357 544 392 in:
553 357 627 399 ἐστὶν,
640 367 675 402 per
689 367 710 391 se
722 355 768 391 satis
781 354 835 390 facili
843 368 865 394 ne

72 416 120 450 opus
130 402 302 451 quidem-videtum
312 402 345 437 cfr.
355 401 419 437 adnot.
429 403 454 438 ad
462 414 481 447 p.
493 402 533 447 107,
541 403 557 437 9.
565 423 588 428 -
599 402 623 438 V.
632 403 643 438 5
651 413 697 436 num
704 399 818 436 Dresselius
824 401 866 446 jure

71 450 165 496 receperit
179 447 251 484 codicis
264 445 279 482 0
294 446 409 493 scripturam
420 445 537 497 μεμαθήκοι,
555 447 628 483 dubito.
644 467 668 472 -
683 446 706 483 V.
721 447 732 482 6
746 457 775 492 sq.
792 446 864 484 nollem

73 496 177 531 secundum
185 493 303 529 Cotelerium
312 494 405 539 scriptum
415 497 475 529 esset:
484 494 506 529 οὐ
511 493 549 540 χρή
558 507 582 543 με
589 493 638 543 πρὸς
644 493 676 537 τῆς
682 491 770 537 τοιιιύιης
776 492 866 528 detonder-

72 545 140 588 μονίος
148 538 221 585 πολλὴν
229 542 319 585 παρέχειν
327 537 432 579 ἀπόδειξιν.
452 539 515 581 Quum
524 544 606 586 uterque
615 539 676 575 codex
684 537 765 574 habeat:
778 536 827 585 πρὸς
835 537 867 584 τήν

72 587 108 630 τῆς,
117 597 156 621 non
163 585 240 620 videtur
246 553 332 620 duVitari
338 595 402 631 posse,
410 585 456 632 quin
465 589 510 631 post
519 584 554 629 τήν
560 585 591 620 vel
599 589 644 631 post
652 585 733 620 ὃεισιιλιιι
751 582 865 624 ονίοςὶηλει-

72 630 140 666 ciderit
153 630 233 666 verhum
241 630 323 677 aliquod
337 629 479 667 substantivum
495 630 659 675 „refutationem“
674 629 724 675 signi
740 640 795 675 cans,
810 629 866 677 quale

72 679 111 711 est:
124 677 200 724 ἔλεγξιν.
212 697 236 702 -
245 676 269 712 V.
278 676 301 711 14
308 675 422 722 recipienda
434 680 474 712 erat
483 676 575 713 Octelerii
587 675 705 713 emendatio:
720 674 801 720 ἄστρα,
815 675 866 722 γῆν,

73 721 126 756 haud
138 733 161 757 ea
172 733 230 757 verae
245 721 313 757 similis
327 724 412 767 tantum,
427 723 462 759 sed
474 723 541 768 procul
554 722 613 759 dubio
627 732 678 758 vera.
693 740 712 746 —
731 720 751 757 V.
765 721 787 754 15
804 720 866 766 conje-

73 767 214 807 cturaDavisii.
223 779 258 813 pro
267 769 316 814 μηδὲ
325 767 449 804 scribendum
457 779 501 805 esse
507 769 622 815 judicantis:
631 767 661 818 μή
672 768 726 811 δεῖν,
735 764 783 802 mihi
791 765 867 812 quidem

73 812 121 848 satis
129 811 235 858 probabilis
244 812 321 848 videtur
329 824 378 848 esse.

119 858 141 894 P.
150 858 208 903 219,2
220 869 258 893 non
271 862 313 894 erat
323 858 443 906 negligenda
455 858 528 895 codicis
542 855 557 893 Ο
571 856 676 903 scriptura:
691 856 725 894 ὅτι.
737 877 760 883 -
773 856 868 893 Vbnum

75 904 199 957 participium
207 904 262 945 εῖιλὼς
269 903 340 940 idonea
347 904 424 941 ratione
433 904 542 941 defenderit
548 901 690 949 Schweglerus,
700 902 773 938 dubito.
788 901 816 937 At
824 903 869 938 ferri

76 950 125 984 illud
132 953 204 996 potest,
214 949 231 984 si
239 949 258 984 in
268 948 395 996 sequentibus
403 949 614 994 anacoluthiam,quam
622 952 697 993 vocant,
702 949 767 985 inesse
774 948 869 984 statuitur.

73 995 171 1031 Videntur
179 999 244 1031 antem
253 1006 281 1040 ea,
290 1007 340 1042 quae
348 995 412 1040 capite
420 995 449 1031 XI
458 996 586 1039 eontinentur,
593 1005 652 1029 unum
661 994 736 1030 efficere
744 993 869 1032 enuntiatum.

74 1040 151 1087 Quippe
159 1052 189 1085 ea,
198 1052 248 1088 quae
256 1041 302 1077 inde
311 1040 395 1077 averbis
403 1040 453 1089 λόγῳ
463 1043 484 1090 ὑὲ
492 1042 589 1088 leguntur,
600 1040 621 1075 in
629 1040 742 1086 parenthesi
754 1039 807 1075 dicta
815 1043 868 1086 sunt3
913 1075 914 1084 ,

76 1087 167 1132 apodosis
176 1097 221 1122 vero
230 1085 320 1132 incipite
327 1086 402 1123 verbis:
412 1089 444 1124 tro
453 1091 487 1124 οὐν
495 1089 553 1124 τοῦτο
563 1085 643 1131 πάθητε.
663 1085 771 1121 'Praeterea
780 1085 869 1121 dubitare
913 1088 914 1092 ’

74 1132 127 1177 licet,
135 1143 181 1167 num
190 1135 242 1167 recte
251 1131 338 1168 habeant
349 1132 409 1168 verba
417 1144 434 1168 v.
442 1134 454 1169 5
462 1144 491 1179 sq.
503 1134 577 1178 posit-ag
589 1130 620 1168 ἒὺν
632 1131 680 1181 ὑμᾶς
692 1135 718 1172 εἰς
730 1131 824 1168 ὑπόνοιιιν
832 1132 868 1168 τῶν
881 1152 883 1156 -

77 1176 148 1223 δήποτε
157 1181 265 1226 λεγομένων
273 1179 324 1215 θεῶν
332 1179 402 1224 ἒνέγκη.
417 1178 473 1214 Libri
484 1190 549 1214 mser:
562 1177 589 1213 ὑν
597 1175 674 1222 δήποτε.
686 1177 737 1212 Illud
746 1175 869 1223 Schweglero

78 1224 164 1259 debetur.
188 1222 215 1258 At
222 1223 296 1259 videtur
304 1217 408 1269 legendn'm
417 1234 468 1259 esse:
484 1227 510 1264 εἰς
521 1221 614 1260 ὑπόνοιαν
626 1222 654 1263 ὠς
665 1221 696 1258 vel
710 1221 721 1266 ἢ
725 1236 737 1260 ν
748 1220 821 1267 δήποτε
833 1223 870 1259 τῶν

76 1272 184 1317 λεγομένων
191 1274 211 1305 θ.
219 1290 242 1294 -
249 1268 274 1304 V.
282 1269 304 1303 15
316 1270 340 1304 de
349 1270 445 1312 sententia
453 1268 546 1305 cotelerii
558 1268 652 1314 scriptum
664 1271 703 1303 est:
713 1274 747 1305 Απ
766 1282 823 1304 (coroa
834 1281 868 1316 γορ

77 1317 137 1351 πᾶσαι
143 1317 163 1351 αἱ
168 1313 214 1351 κατὰ
220 1316 252 1360 τῆς
257 1318 360 1364 μοναρχίας
364 1314 456 1361 antarpot
462 1314 505 1358 (sic)
512 1317 539 1363 τῷ
545 1315 572 1361 aq}
579 1313 632 1363 ὑμῶν
638 1315 670 1351 ἐπὶ
676 1311 732 1364 βλάβῃ
740 1314 869 1361 ἔνσπείροντνι

76 1359 186 1408 ὑπολήψεις.
202 1359 257 1396 Libri
265 1371 330 1395 macr:
338 1360 410 1397 Αὑτοῦ,
423 1359 445 1396 Si
452 1361 507 1396 locus
516 1362 536 1396 in
546 1359 598 1395 hunc
609 1360 687 1395 modum
700 1362 753 1395 esset
760 1358 870 1403 mutandus,

77 1406 165 1451 equidem
178 1404 304 1451 praeferrem:
316 1405 365 1442 Ὺπ’
378 1405 446 1449 αὑτοῦ,
460 1407 498 1452 vel,
510 1406 562 1453 quod
575 1405 632 1440 etiam
645 1404 732 1440 facilins:
743 1404 817 1451 Αὐτῷ.
840 1404 870 1440 De

77 1450 143 1486 dativo
155 1450 189 1485 cfr.
198 1451 265 1496 p.‘232,
275 1450 303 1485 10.
326 1450 432 1486 Mutandus
446 1454 512 1487 autem
523 1454 562 1495 est3
576 1461 640 1496 neque
652 1449 702 1485 enim
714 1449 792 1486 defendi
806 1452 871 1496 potest

77 1507 106 1540 eo,
116 1495 150 1543 qui
158 1496 241 1532 habetur
249 1508 267 1542 p.
276 1495 315 1542 220,
324 1496 347 1531 13
355 1508 395 1544 sq:
408 1496 439 1533 διὸ
451 1495 530 1551 φεύγετε
541 1498 576 1533 τοῦ
587 1495 649 1544 ι’)’φεως
657 1494 691 1541 τὴν
698 1496 809 1543 πανοῦργον
820 1494 869 1532 ὑπο-

76 1544 193 1591 βιιλλομένην
205 1541 259 1590 ὑμῶν
271 1543 298 1588 τῷ
305 1543 333 1588 νῷ
341 1541 450 1591 ἐνθύμησιν,
460 1542 494 1578 ubr
502 1543 573 1578 nudum
586 1540 692 1587 genitivum
706 1543 740 1578 τοῦ
751 1541 814 1588 ὅψεως
826 1542 870 1587 jure

78 1598 117 1622 non
126 1590 250 1622 tentaverunt
258 1587 345 1623 homines
354 1587 413 1623 docti.
436 1588 464 1624 At
474 1587 524 1623 enim
533 1586 665 1623 scribendum:
679 1586 746 1624 Αὑτοῦ
757 1586 793 1635 arico
806 1589 871 1629 πᾶσιν,

77 1635 101 1668 οἳ
111 1653 134 1658 -
146 1634 283 1680 transactam,
298 1630 410 1679 ὑπολήψεις.
424 1632 464 1669 cfr.
476 1633 578 1680 Recognit.
591 1632 614 1676 V,
626 1633 657 1669 17:
669 1632 710 1678 „Ex
718 1632 761 1679 ipso
771 1643 818 1679 ergo
827 1636 871 1668 sunt

77 1689 143 1714 omnes
153 1689 227 1714 errores
237 1681 256 1714 et
265 1677 409 1725 ambiguitates,
419 1679 489 1726 quibus
501 1679 525 1715 ab
533 1677 591 1715 unius
600 1678 631 1714 dei
639 1676 677 1713 fide
686 1681 706 1714 et
715 1677 831 1714 credulitate
840 1678 871 1714 de·

78 1722 201 1759 tur·bamini.“

122 1769 143 1804 P.
151 1769 191 1813 220,
200 1769 216 1811 1,
225 1780 275 1817 quae
287 1773 341 1815 sunt,
354 1769 428 1805 verbis:
442 1768 539 1819 προφάσει
550 1769 637 1817 γνώσεως
645 1768 742 1814 lardaria,
752 1768 799 1811 ὑοὺς
806 1768 828 1806 τὰ
836 1770 871 1819 μὲν

77 1816 143 1864 πρῶτα
149 1816 184 1864 μιᾷ
190 1816 213 1865 τῇ
219 1814 266 1851 urach
271 1813 349 1853 πάντων
355 1815 450 1863 προλήψει
454 1816 559 1865 χρώμενος,
566 1815 614 1851 haec
620 1816 739 1860 respondent
744 1814 763 1849 in
771 1815 871 1860 Recognit.

77 1861 102 1904 V,
108 1861 139 1895 18:
148 1861 228 1906 „Ethoc
236 1860 284 1896 facit
291 1861 346 1906 quasi
354 1861 457 1898 occasione
464 1862 542 1898 alterius
552 1862 651 1905 scientiae,
660 1861 776 1897 adseverans
786 1860 813 1896 eis
820 1860 872 1896 illam

78 1905 189 1951 opinionem
197 1917 236 1952 qua
242 1910 323 1941 utuntur
331 1906 427 1953 plurimi“.
450 1907 507 1944 Unde
517 1907 604 1944 Clericus
616 1907 709 1952 conjecit,
720 1917 755 1952 pro
764 1917 812 1943 voce
821 1905 870 1949 ιλοὺς,

79 1962 128 2004 quae
137 1954 204 1997 aperte
213 1955 304 1996 corrupta
312 1957 347 1997 est,
356 1952 480 1989 scribendum
489 1965 540 1990 esse:
548 1952 608 1999 ι’έλλής.
628 1952 677 1988 Mihi
685 1954 724 1988 veri
735 1952 812 1988 uidetur
821 1952 871 1987 simi-

78 1997 125 2032 hus:
138 1998 224 2045 ἑτέρας,
240 2008 299 2043 quum
310 1997 392 2033 Rufinus
405 1997 486 2035 habeat:
501 1999 612 2045 „alterius“,
625 2003 645 2034 et
658 1998 711 2043 prior
722 1998 774 2033 illins
782 1996 873 2034 vocabuli

78 2054 124 2088 pars
135 2046 216 2089 propter·
228 2047 361 2088 antegressum
374 2043 466 2091 ἐνεδρεύοι
478 2045 555 2080 facilius
566 2044 652 2090 potuerit
665 2044 786 2080 intercidere.
810 2043 873 2079 Locu-

78 2090 151 2124 tionem
166 2086 301 2126 κατὰπάντων
313 2088 384 2124 rectius
397 2089 536 2136 interpretatus
548 2089 676 2135 estRufinuS,
689 2101 746 2138 quam
759 2089 872 2133 Cotelerins,

79 2135 111 2182 qni
120 2135 180 2170 verba
189 2134 217 2169 sic
225 2134 275 2170 fecit
282 2133 351 2170 latina:
360 2145 411 2180 „una
418 2135 438 2170 in
447 2146 513 2171 omnes
522 2139 578 2171 utens
586 2136 748 2181 praesumtionef‘
760 2134 799 2171 Va
807 2135 873 2181 inepta

79 2184 109 2216 est
117 2180 213 2227 particula
224 2183 255 2216 καὶ
266 2178 410 2226 aSchweglero
422 2182 495 2218 addita.
519 2181 592 2218 Verba:
607 2184 691 2228 νομίζειν
704 2182 763 2222 κακῶς
776 2182 873 2228 βεβουλεῦ-

80 2232 126 2263 σλλ-ιιι
138 2224 256 2273 significant:
276 2227 371 2272 „probare
385 2226 434 2272 ipsis
448 2227 499 2263 male
514 2227 624 2263 consultum
638 2228 699 2263 esse.“
721 2227 752 2263 De
767 2226 804 2263 hoc
818 2226 873 2263 verbi

80 2275 165 2321 νομίζειν
173 2283 210 2306 usu
219 2271 252 2308 cfr.
261 2270 350 2320 Xenoph.
361 2269 432 2309 Oecon.
439 2273 504 2319 XVII,
512 2273 523 2308 9
536 2276 556 2309 ct
563 2272 650 2309 Lobeck.
659 2273 684 2308 ad
692 2272 797 2320 Phrynich.
806 2285 825 2319 p.
834 2271 872 2308 753.

80 2318 221 2354 —V.14n0n
237 2317 321 2354 debebat
334 2318 448 2355 Dresselius
463 2330 485 2355 ex
500 2320 568 2355 codice
584 2317 599 2354 Ο
614 2319 701 2364 recipere
714 2319 830 2366 particulam
844 2317 873 2363 δή.

79 2363 140 2399 Porro
150 2363 239 2410 equidem
248 2376 286 2399 non
301 2364 409 2400 dubitarem
419 2364 534 2410 adstipulari
543 2364 677 2412 Schweglero,
686 2377 720 2411 pro
730 2370 760 2403 ἵνα
768 2364 872 2412 legendum

80 2421 132 2445 esse:
141 2409 179 2453 ἐὰν,
188 2410 312 2455 existimanti,
324 2410 361 2445 nisi
369 2410 390 2445 in
398 2411 500 2457 Recognit.
508 2411 531 2453 V,
536 2411 558 2446 18
567 2423 633 2447 versus
641 2410 699 2447 finem
707 2411 756 2447 haec
764 2410 871 2447 inveniren-

80 2460 111 2491 tur
123 2456 205 2501 scripta:
227 2455 266 2500 „Ut
278 2460 342 2492 autem
356 2456 406 2492 scias
420 2457 466 2505 quia
477 2456 585 2503 ignorantia
596 2469 632 2503 per
646 2462 707 2492 semet
718 2459 779 2503 ipsam
795 2458 874 2504 generat

79 2501 186 2544 interitum,
203 2502 267 2537 anima
283 2513 326 2537 cum
343 2501 457 2539 discesserit
471 2514 483 2538 a
498 2504 590 2550 corpore“
605 2507 661 2548 cett,
678 2504 730 2539 unde
742 2503 801 2539 facilc
814 2503 874 2539 oritur

81 2547 172 2594 suspicio,
181 2547 303 2583 intercidisse
316 2547 390 2595 aliquid
397 2553 443 2594 post
451 2552 482 2586 ἵνα
490 2550 517 2585 ὑὲ.
624 2550 629 2554 ’

126 2594 147 2629 Ρ.
156 2593 196 2638 221,
209 2594 218 2628 1
228 2594 305 2629 averbo
315 2593 353 2637 ὅτι,
366 2606 491 2642 quamquam,
502 2598 524 2630 ut
535 2607 587 2630 nunc
600 2594 621 2629 in
636 2594 691 2629 libris
703 2606 760 2630 mser.
773 2594 873 2631 exhibetur

80 2638 141 2684 locus,
150 2639 300 2687 haudquaquam
310 2644 340 2676 est
349 2643 421 2686 aptum,
430 2652 466 2688 ego
475 2645 539 2676 tamen
548 2652 624 2676 manum
633 2640 768 2677 abstinentiam
777 2652 820 2677 esse
831 2651 873 2676 cen-

52 2692 54 2694 ’
82 2696 120 2729 seo,
130 2685 146 2720 si
155 2686 234 2731 quidem
242 2689 356 2732 antegressa
363 2698 408 2722 vere
417 2689 463 2723 sunt
471 2687 570 2723 lacunosa.
584 2709 607 2713 -
615 2687 637 2723 V.
648 2686 659 2721 8
670 2698 709 2733 non
722 2698 770 2732 opus
779 2691 821 2722 erat
830 2698 870 2722 con·

80 2730 155 2776 jactura
164 2729 291 2777 Schweglori,
304 2743 338 2778 pro
350 2731 404 2768 αὐτοὶ
415 2733 518 2780 legendnm
530 2732 668 2778 proponentis:
681 2734 756 2774 edroi,
769 2734 821 2778 qnod
836 2742 872 2767 nec

81 2775 138 2810 uideo
150 2788 187 2822 quo
200 2779 243 2822 jure
254 2789 300 2823 prae
315 2778 375 2813 oculis
388 2778 448 2814 fuisse
462 2780 564 2823 opinentur
576 2777 652 2822 Rufino,
665 2776 689 2820 V,
698 2778 720 2812 19
736 2776 872 2824 interpretanti

82 2820 144 2876 „isti‘7
153 2842 174 2846 ——
186 2822 209 2857 V.
219 2824 240 2857 10
249 2835 277 2869 sq.
290 2824 321 2858 vix
334 2823 469 2868 dubitandum,
484 2824 529 2869 quin
548 2824 634 2868 genuina
649 2822 750 2869 scriptoris
761 2836 829 2860 manus
842 2822 873 2858 sit:

83 2869 102 2901 οἱ
110 2881 167 2916 ταυτῃ
177 2869 198 2916 τῇ
207 2868 288 2915 ὑπονοίᾳ
297 2869 321 2910 ὡς
329 2870 387 2914 δεινῷ
397 2869 586 2916 baccroperitae
600 2871 627 2916 ἰῷ.
646 2867 684 2904 Ofl'.
694 2870 788 2906 (lici-iones
797 2871 873 2907 anatra<-
