1827 3065
362 119 551 155 1111011111101.
814 112 854 153 117

4 254 6 258 .
61 233 97 264 tem
106 220 208 271 gradiendi
219 231 254 266 per
261 219 386 265 profundum,
396 219 465 267 iugens
475 225 526 258 certe
535 222 688 258 Christianorum
696 222 800 258 multitudo
809 226 856 258 tunc

61 274 84 310 ad
93 267 176 316 corporis
186 266 320 313 spectaculum
325 265 448 312 properabat.
472 267 543 305 Postea
551 280 597 305 vero
606 271 627 304 et
638 267 733 303 maximus
743 268 784 303 dies
792 268 855 304 festus

61 314 169 356 miraculum
181 311 266 355 induxit,
279 314 313 346 aut
324 311 388 358 potius
399 311 436 348 hoc
449 314 561 350 miraculum
574 314 625 350 diem
637 313 710 350 festum
719 313 793 366 effecit,
804 315 856 360 quod

6 393 8 395 ,
61 376 98 400 non
109 359 167 395 semel
180 358 253 393 editum
266 356 336 392 deinde
350 356 417 401 desiit,
431 358 465 394 sed
476 371 510 405 per
522 359 672 407 unumquodque
685 360 732 396 anni
740 361 856 395 crnrrculum

62 405 195 457 perficiebatur
203 403 271 438 eodem
280 402 346 447 modo,
359 402 440 449 piasque
449 406 522 441 animas
536 406 656 443 convocabat
665 405 691 441 ad
700 406 783 452 epulum.
808 405 857 441 Cum

2 486 4 488 .
62 452 147 502 equidem
159 449 207 486 haec
218 447 247 483 ita
259 451 325 483 essent
336 451 356 484 et
368 460 434 484 omnes
446 450 497 487 circa
510 450 627 488 Chersonem
640 451 747 487 Christiani
759 451 784 487 ad
796 451 856 488 mirae

10 503 18 543 J
61 501 88 537 101
98 497 210 534 sollemnem
221 493 272 529 diem
290 495 392 540 quotannis
405 501 547 542 concurrerent,
564 498 591 533 ihi
604 498 662 534 etiam
675 497 731 534 Deus
742 497 856 534 miraculum

12 571 13 574 ¹
63 542 187 583 anterioribus
196 539 259 587 magis
268 540 367 587 inopinum
376 544 395 577 01
405 540 520 579 admirabile
529 548 623 590 operatur

106 586 202 624 CLXXV.
218 586 268 623 ivam
276 586 305 621 rir
314 586 392 632 (quidam
401 586 505 635 religiosus
513 600 551 624 una
560 601 602 625 cum
610 602 668 626 uxore
679 594 699 625 et
707 590 761 636 prole
770 590 857 626 mascula

7 671 8 674 ,
63 635 151 674 miraculo
163 633 201 667 iam
210 632 262 684 edito
271 632 296 667 ad
304 631 394 678 1110111111
403 638 470 679 corpus
482 634 519 681 ipsi
528 645 603 681 quoque
612 647 654 671 cum
664 636 736 682 populo
746 635 856 672 confluente

4 688 15 709 s
63 680 142 731 profecti
151 683 200 713 sunt.
222 677 285 725 Igitur·
293 689 365 724 aequor
373 689 383 713 e
391 679 475 726 vestigio
484 680 585 716 traiiciunt
593 683 724 729 templumque
732 683 753 717 in
762 681 805 717 sinu
814 681 856 717 eius

6 747 8 749 -
63 728 145 775 positum
155 724 256 770 attingunt
267 727 358 769 parentes
370 736 428 760 mauu
440 736 519 771 puerum
535 726 637 771 ducentes,
652 739 733 774 cumque
744 728 797 763 intra
808 732 855 763 tem-

10 807 15 815 ,
64 774 114 819 plum
121 771 199 806 fuerunt
207 772 227 804 et
236 772 324 804 sanctum
333 769 388 805 illuni
395 770 490 806 tumulum
500 771 614 817 ambierunt,
623 776 663 808 tum
670 773 708 809 alia
718 776 806 808 sanctum
814 784 856 819 pre-

65 818 102 855 cati
111 819 160 859 sunt,
169 818 211 850 tum
218 826 252 860 pro
261 818 308 850 nato
316 819 409 862 rogammt
419 826 447 860 ea,
458 827 506 862 quae
515 822 605 863 parentes
615 818 701 854 decebat.
721 818 801 854 Precati
810 830 856 865 ergo

3 859 12 885 1
64 869 85 901 ao'
93 862 200 909 sepulcrum
211 860 309 896 ferventer
317 861 424 897 exosculati
437 866 456 898 et
470 862 574 909 compleri,
589 863 627 910 ipsi
638 864 715 911 quidem
727 864 766 900 iam
776 868 857 910 peracta

65 908 175 946 celebritate
189 906 303 953 cunctisque
315 906 391 943 domum
404 908 530 944 redeuntibus
543 913 593 945 retro
606 909 675 945 iterum
688 922 731 946 cum
742 910 814 957 populo
824 910 856 955 qui

65 957 183 992 concurrerat
192 952 333 990 abscesserunt.
356 953 407 989 Puer
418 958 483 989 autem
496 955 545 990 clam
556 958 655 1001 parentes,
668 956 735 992 nescio
747 956 856 1001 quomodo,

7 1029 9 1033 ,
65 1002 114 1038 solus
123 998 174 1046 apud
185 998 294 1044 sepulcrum
301 998 381 1034 relictus
394 1003 434 1040 est,
447 1001 523 1036 omnino
536 1001 556 1035 id
568 1000 760 1054 incomprehensibili
768 1002 807 1037 Dei
814 1013 857 1048 pro-

3 1042 13 1060 *
66 1046 147 1082 videntia
156 1044 279 1091 disponente,
291 1047 313 1079 ut
324 1045 386 1091 magis
398 1041 502 1081 honoraret
512 1058 564 1090 enm,
578 1057 610 1092 qur
622 1058 705 1081 ammam
717 1050 736 1082 et
745 1059 814 1092 corpus
822 1058 857 1092 pro

1 1114 4 1116 -
65 1094 104 1139 ipso
112 1091 196 1126 libenter
205 1089 290 1125 dederat.
307 1089 333 1125 Et
342 1102 392 1136 aqua
400 1090 478 1136 quidem
486 1092 511 1127 ad
518 1091 596 1137 propria
604 1102 693 1127 remeans
701 1092 816 1137 profundum
825 1092 857 1127 ob-

15 1170 17 1172 ,
65 1137 117 1179 terit,
126 1137 195 1171 iterum
210 1146 232 1171 ue
242 1135 333 1171 effectum
342 1139 371 1171 est
379 1137 424 1183 pela
435 1149 468 1171 us.

5 1213 6 1216 ,
109 1147 215 1217 1111111111,
240 1180 267 1216 At
277 1185 368 1227 parentes
381 1148 468 1228 1101111011
484 1193 495 1217 a
511 1192 588 1228 corpore
601 1181 694 1228 digressi,
708 1182 781 1217 utiam
796 1181 858 1217 filium

66 1240 126 1264 secum
139 1239 178 1262 non
188 1227 287 1270 viderunt,
304 1226 329 1262 ad
340 1227 511 1274 investigationem
524 1227 565 1262 eius
578 1231 656 1262 vertunt
669 1238 699 1272 se,
712 1238 735 1263 ac
747 1231 799 1263 retro
815 1238 858 1263 con-

65 1273 119 1317 versi,
127 1276 149 1308 ut
157 1272 266 1309 invenirent
274 1283 364 1319 puerum,
377 1276 458 1309 cernunt
465 1275 517 1308 m'are
528 1284 593 1308 rursus
602 1284 645 1308 esse
654 1284 696 1308 eam
704 1272 763 1318 viam,
776 1283 824 1318 quae
834 1273 858 1309 ad

67 1331 132 1365 corpus
142 1318 234 1364 deinceps
244 1318 330 1362 duceret,
344 1319 574 1362 110111100111101110111111,
586 1317 698 1363 turbantur,
708 1322 859 1362 commoventur,

65 1367 125 1400 acrius
138 1363 163 1399 ad
176 1365 217 1399 nati
229 1363 375 1411 indagationem
387 1367 517 1410 prorumpunt.
541 1364 561 1398 ls
576 1367 641 1399 autem
655 1364 675 1399 111
690 1365 764 1399 1111111110
778 1364 859 1400 relictus

65 1410 131 1445 fuerat,
141 1409 226 1455 Cumque
232 1413 277 1455 post
285 1409 366 1444 multum
374 1409 461 1445 laborem
468 1420 548 1455 puerum
555 1421 595 1444 non
602 1413 720 1455 repererunt,
730 1410 765 1445 sed
773 1409 793 1445 in
800 1410 859 1444 maris

65 1455 123 1490 fundo
132 1455 219 1490 desertus
229 1455 289 1490 fnisse
298 1454 347 1500 ipsis
357 1454 408 1489 visus
417 1457 456 1499 est,
466 1455 494 1490 uti
502 1465 569 1490 revera
578 1458 627 1498 erat,
639 1455 720 1501 longum
732 1466 755 1490 ac
766 1454 859 1491 flebiliter

65 1500 219 1536 vociferabantur
227 1500 289 1535 filium
300 1500 422 1546 appellantes
431 1504 451 1536 et
462 1503 542 1546 pectora
553 1500 649 1536 feriebant
661 1504 719 1546 atque
732 1500 859 1546 deplorabant

66 1547 202 1590 calamitatem,
220 1557 269 1592 quae
282 1557 314 1581 001
329 1545 454 1592 opprimebat.
479 1545 567 1592 Tumque
582 1545 607 1581 ad
621 1549 709 1582 sanctum
724 1557 747 1582 ea
761 1546 860 1590 dicebant,

66 1603 112 1637 (prae
125 1591 199 1627 animus
213 1591 278 1627 dolore
290 1591 363 1626 fractus
375 1590 541 1638 pronunciaverit,
553 1596 633 1626 mortem
645 1591 683 1627 sibi
693 1602 728 1644 pro
739 1591 797 1627 rebus
805 1602 859 1637 prae-

67 1637 151 1673 sentibus
161 1640 258 1684 optantes,
268 1636 329 1672 donec
337 1637 464 1683 proximorum
473 1637 561 1672 nonnulli
569 1636 679 1672 incidentes
691 1649 711 1671 m
724 1647 756 1672 eos
766 1637 859 1672 lamenta-

66 1682 149 1718 tionibus
158 1682 197 1718 iam
206 1682 305 1718 confectos
314 1683 422 1728 multasque
434 1685 512 1729 propter
525 1693 590 1717 casum
603 1685 622 1717 et
634 1681 672 1729 ipsi
684 1681 773 1717 lacrimas
781 1681 858 1727 profun-

67 1728 132 1764 dentes
146 1728 241 1764 consolati
252 1732 296 1763 sunt
308 1739 341 1762 eos
350 1727 504 1772 effecerantque,
516 1730 539 1761 ut
552 1727 575 1761 de
587 1739 656 1774 magno
669 1726 797 1772 diutmnoque
808 1739 859 1763 moe·

65 1785 105 1810 rore
117 1774 244 1810 remitterent.
269 1773 340 1809 Verum
357 1776 459 1819 postquam
474 1772 504 1807 illi
520 1772 596 1808 domum
611 1776 737 1815 revenerunt,
754 1773 823 1808 iterum
840 1776 860 1808 et

66 1820 124 1855 maior
135 1819 235 1872 aegritudo
248 1822 290 1854 orta
303 1821 341 1862 est,
356 1821 414 1864 atquc
425 1818 467 1853 visa
478 1817 520 1853 nati
531 1817 592 1853 vestis
606 1818 647 1854 sive
660 1818 763 1864 quaedam,
772 1829 821 1864 quae
830 1818 860 1853 illi

67 1864 167 1900 familiar-ra
176 1867 236 1909 erant,
245 1864 266 1899 in
274 1867 374 1911 parentum
381 1864 491 1899 memoriam
498 1863 619 1899 recurrentia
624 1864 756 1900 molestiorem
763 1864 811 1910 ipsis
818 1864 861 1899 red—

68 1910 137 1946 debant
146 1910 244 1945 iacturam.

2 1981 6 1991 .=
112 1955 229 1992 CLXXVII.
247 1954 336 1991 Ceterum
344 1967 394 1991 anno
403 1955 442 1990 iam
451 1954 540 1990 confecto
548 1966 591 1990 cum
600 1954 723 2001 splendidum
731 1954 781 1989 illud
789 1954 861 1990 festum

68 2000 135 2037 iterum
143 2001 257 2049 agitandum
266 2004 323 2045 esset,
333 2001 386 2047 ipsos
394 2001 456 2037 multo
462 2000 526 2048 magis
535 2000 636 2047 pungebat
642 2004 662 2036 et
669 2000 793 2036 excruciabat
800 2000 862 2045 dolor,

3 2050 6 2057 ⁶
68 2046 236 2093 vehementiusque
243 2059 318 2082 rursum
325 2046 381 2093 pueri
389 2047 499 2083 memoriam
508 2047 618 2083 revocabat.
632 2046 701 2092 Itaque
709 2046 759 2081 inter
768 2056 788 2080 se
797 2045 860 2081 aiunt:

2 2090 12 2136 {s
67 2092 136 2128 Eamus
145 2093 170 2129 ad
178 2093 295 2139 sepulcrum,
309 2092 418 2136 videamus,
430 2105 476 2128 uum
488 2092 564 2138 aliquae
575 2091 613 2127 filii
622 2092 717 2137 reliquiae
729 2091 834 2137 supersint,
845 2092 861 2126 si

69 2148 104 2183 quo
112 2143 168 2184 pacto
178 2142 198 2175 et
206 2138 251 2174 illas
261 2142 386 2186 asportemus.
410 2138 465 2174 Haec
476 2142 495 2173 et
504 2148 628 2183 quaecunque
636 2136 735 2172 moestitia
744 2136 862 2183 suggerebat

69 2181 117 2218 inter
126 2197 146 2220 se
156 2185 248 2220 collocuti
260 2184 315 2221 domo
326 2184 421 2230 prodeunt
434 2184 512 2231 lugubri
523 2187 592 2218 ornatu
603 2183 701 2228 oculisque
713 2182 834 2218 lacrimarum
842 2182 861 2217 vi

68 2227 195 2275 liquentibus,
209 2236 266 2277 atque
279 2230 304 2266 ad
315 2230 363 2265 litus
374 2231 495 2275 perveniunt.
518 2228 544 2263 Et
554 2228 631 2274 quidem
640 2227 706 2263 statim
717 2227 792 2263 recedit
803 2239 861 2272 mare,

69 2276 193 2319 praestitutus
206 2276 247 2312 dies
259 2288 302 2311 cum
314 2275 431 2311 advenisset.
455 2275 566 2320 Sequrmtm·
577 2277 642 2309 autem
656 2273 687 2308 illi
699 2273 765 2320 primi,
780 2277 838 2319 atque
852 2285 862 2309 e

69 2320 151 2368 vestigio
160 2322 194 2357 alii
203 2322 272 2365 denuo,
280 2320 328 2356 mari
336 2324 428 2367 tanquam
436 2319 512 2355 itineris
522 2319 570 2354 duce
576 2322 660 2355 utentes.
673 2318 703 2355 Ac
711 2320 805 2366 templum
813 2319 862 2354 illud

72 2424 207 2433 R

71 2467 118 2502 πολὺ
129 2473 195 2515 μέντοι
195 2497 255 2507 ......
274 2472 309 2506 τοῦ
323 2468 414 2513 λειψάνων
428 2473 449 2512 Β,
478 2472 509 2504 ubi
518 2474 543 2503 est
551 2471 695 2510 καταλέλειπτο,
704 2472 729 2502 011
743 2470 862 2502 κατελέλειπ-

71 2515 152 2555 πολλοὺς
160 2516 193 2551 ἐπὶ
200 2520 248 2552 θέαν
256 2515 336 2562 ἐπήγετο
348 2518 369 2549 al.
379 2528 405 2560 ap⁴
412 2517 449 2549 Cot.
480 2529 509 2550 ται
517 2516 536 2549 in
545 2517 563 2558 C,
572 2517 703 2550 κατελέλειπτο
712 2515 757 2556 vulg.
769 2532 792 2537 -—
804 2511 822 2558 6)
832 2517 863 2548 καὶ

70 2576 93 2582 -
100 2557 117 2601 61
127 2561 191 2608 ἑορτῆς
198 2565 219 2597 D.
226 2582 250 2587 —
257 2561 276 2608 1)
284 2565 311 2597 lta
318 2563 361 2596 BCD
370 2566 387 2595 ct
395 2563 416 2594 al.
423 2572 449 2606 ap.
479 2574 511 2595 om.
520 2562 541 2594 D.
554 2580 577 2584 —
591 2560 608 2604 1)
616 2561 644 2593 lta
652 2572 672 2593 ex
683 2561 704 2601 D,
717 2561 826 2606 προέμενον
835 2561 863 2594 BC

72 2604 113 2647 0010
121 2604 193 2652 ἇσεβῦῖς
200 2610 247 2652 vulg.
255 2628 278 2633 —
286 2607 305 2654 8)
314 2606 383 2642 καλοῦν
391 2609 411 2641 D.
479 2608 527 2648 vulg:-
535 2627 558 2630 —
565 2605 583 2646 8)
593 2608 618 2643 εἰς
627 2616 659 2638 om.
668 2607 688 2638 B.

106 2674 146 2719 cap.
163 2677 249 2712 01111111,
286 2676 302 2720 1)
329 2674 364 2711 σὺν
386 2677 408 2709 11.
428 2694 450 2699 -
515 2663 659 2711 Ger-Clem-
675 2659 863 2716 11111ιέ90οΒὓῦ

71 2714 89 2760 21
99 2720 166 2762 &advoc
173 2722 234 2756 inserit
242 2724 264 2765 D,
276 2734 310 2766 seq.
321 2723 375 2769 σῶμα
383 2722 449 2755 01111110
480 2709 562 2752 0111111·
573 2709 609 2740 Cot.
618 2726 641 2731 “
653 2705 817 2763 21,πὲῼ’ῖυλθλ’ῑέἒ
826 2709 838 2741 0
847 2713 864 2742 ff

72 2779 94 2785 —
102 2761 121 2808 31
130 2763 174 2805 τοὺς
182 2769 254 2802 accessit
262 2779 282 2802 er
290 2768 340 2801 BCD.
347 2787 370 2791 —
377 2765 395 2810 4)
406 2776 451 2803 συν-
481 2756 502 2788 ²1·
512 2765 539 2798 ap.
548 2754 584 2787 0⁰l·
594 2772 617 2777 “
625 2751 643 2799 31
653 2758 727 2792 πελθος
735 2765 787 2798 1111111
795 2767 806 2788 ‘l
814 2755 834 2786 D*

72 2807 178 2855 ὃραμόντος
196 2814 240 2847 BCD
258 2818 275 2847 et
293 2815 315 2847 al.
332 2826 359 2858 ap.
376 2814 412 2847 Cot.
430 2832 452 2836 -
516 2811 669 2856 CapCLXXVIL
685 2808 838 2856 1111110111-2)
849 2813 867 2845 εἴ

72 2850 89 2895 5)
109 2856 152 2890 Dedi
168 2859 309 2894 καταλέλειπται
329 2859 400 2892 ducibus
417 2860 452 2900 BD,
483 2869 523 2896 711ος
535 2869 567 2890 om.
580 2857 600 2889 D.
612 2875 633 2880 —
650 2853 668 2901 3]
681 2854 752 2894 01110101
764 2868 795 2889 om.
809 2857 830 2889 D,
842 2875 865 2880 —-
