1827 3065
166 103 197 136 AD
206 103 286 137 OLEME
290 104 345 138 NTIS
355 105 410 138 Reti.
420 104 483 142 QUAE
492 104 544 137 FER.
552 102 673 137 chflLms.
776 91 818 134 289

26 202 200 247 obtemperavisset
209 200 345 240 Schliemauno
355 204 376 239 in
384 204 440 248 libro,
450 216 506 252 quem
516 203 615 252 inscripsit
627 201 677 248 „Die
687 200 819 238 Clementiuen

26 250 82 288 nebst
91 248 128 282 den
136 248 260 283 verwaudtcn
269 247 385 292 Schriften“,
393 262 412 295 p.
421 249 448 294 ab,
457 262 492 296 pro
505 253 540 286 οὐν
550 248 610 285 scribi
618 248 705 305 ijenti:
717 249 757 284 νῦν.
781 247 820 283 De-

25 294 67 332 inde
79 303 114 339 pro
126 292 173 340 ἡμῖν
184 292 290 340 legendum
298 295 382 330 videtur:
397 295 463 343 ύμῖν,
476 298 495 331 et
508 295 609 331 viceversa
623 306 687 342 ημων
700 304 736 339 pro
751 291 820 342 ὑμῶν.

24 338 121 385 Denique,
131 350 191 385 quum
198 338 313 384 praesertim
323 345 404 387 uterque
413 341 475 376 codex
483 341 587 387 praebeat:
600 339 674 385 πλάνην
683 341 711 382 a,
724 349 819 384 reponen-

7 388 9 393 '
25 388 68 422 dum
78 382 164 419 videtur:
180 404 202 409 -
214 384 311 432 προφάσει
322 384 435 429 ἀλήθειαν
446 407 468 411 -
478 385 605 436 κηρύσσοντα,
618 384 692 431 πλάνην
707 386 729 422 δὲ
742 386 819 421 riene-

24 427 221 481 porra—V.16pr0
231 429 279 477 πρός
307 443 315 466 ε
327 431 450 466 scribendum
462 436 511 467 crat:
524 431 574 480 πρὸς
586 431 649 481 ὑμᾶς,
661 443 706 467 nam
720 429 768 479 ὑμᾶς
778 441 819 465 non

25 477 85 513 solum
93 474 189 520 reperitur
197 474 217 510 in
229 474 273 511 loco
307 475 382 512 atthaei
393 475 437 521 VII,
446 476 473 522 15,
485 477 519 513 sed
531 477 631 524 flagitatur
643 477 701 513 etiam
714 476 820 512 sententia·

23 532 64 559 rum
73 531 129 555 nexu.

69 566 90 602 Ρ,
97 564 156 610 254,9
166 576 194 612 sq.
202 577 241 602 nou
250 565 319 611 probo,
328 565 381 611 quod
393 568 499 602 secundum
510 567 586 603 Davisii
599 569 732 615 conjecturam
743 566 817 603 editum

25 615 61 649 est:
75 610 114 647 ὖπέ
136 624 157 647 τε
168 612 202 647 τοῦ
213 612 279 647 κοινοῦ
289 615 320 647 καὶ
328 614 461 660 συμφέροντος
473 614 505 656 τῆς
516 615 612 660 ἐκκλησίας
624 616 646 660 τῆ
658 613 707 655 τάξει
722 626 784 660 προσο
802 628 819 648 ι-

25 657 85 703 λήσας.
108 624 196 703 Vterque
204 656 333 692 Homiliarum
344 658 415 691 codex:
427 656 462 702 τὴν
474 658 530 698 τάξιν.
553 659 577 693 ld
590 654 653 705 ipsnin
666 660 762 706 praebent
790 659 819 703 pi—

24 708 84 739 tomes
97 702 177 738 alterius
189 701 235 737 libri
246 713 301 737 mser.
313 701 435 737 Dresseliaui
446 701 467 737 C.
478 702 552 747 LXIX,
565 704 599 740 ubi
610 704 722 740 Dresselius
735 716 758 740 ex
773 703 818 740 aliis

25 748 78 785 libris
88 747 157 782 edidit:
165 767 189 774 —
197 748 231 792 τῆς,
237 749 333 794 ἐκκλησίας
339 750 370 783 καὶ
379 746 426 794 ὑπὲρ
435 748 467 793 τῆς
475 748 546 790 τάξεως.
569 748 597 784 At
605 751 695 797 equidem
702 761 818 796 persuasum

24 794 97 838 habeo,
109 792 169 829 verba
181 791 215 837 τὴν
227 792 278 833 τάξιν
289 804 328 829 non
340 803 383 828 esse
392 793 492 837 mutanda,
505 796 540 829 sed
549 795 646 831 exstitisse
655 796 727 831 variam
736 795 818 841 scriptu-

24 851 64 876 ram
75 838 135 874 hanc:
147 860 170 864 -
181 840 276 885 ἐκκλησίας
286 841 323 874 καὶ
334 837 392 888 ὑπὲρ
403 840 448 875 τῶν
459 842 513 889 περὶ
524 839 557 885 τὴν
574 839 629 881 τάξιν.
653 841 720 877 Dietio
736 841 759 877 τὰ
773 844 817 889 περὶ

25 884 57 931 τὴν
64 883 119 924 τάξιν
126 883 177 920 idem
186 882 227 920 fere
237 883 336 931 siguificat
344 885 396 931 quod
405 884 463 919 dictio
472 884 483 930 η
493 884 548 926 τάξις.

68 929 89 964 Ρ.
98 929 137 972 255,
147 930 158 964 4
172 932 258 972 praestat
269 928 376 976 scriptura:
390 929 400 966 ὁ
413 929 472 970 πολύς
483 930 548 978 ὄχλος,
562 943 611 978 quae
623 931 644 967 in
655 932 758 979 utriusque
769 931 816 977 Epi·

24 980 84 1015 tomes
96 974 116 1010 C.
124 974 182 1010 LXX
195 975 296 1020 reperitur,
321 974 368 1011 Vice
381 986 436 1011 versa
450 986 489 1011 nou
503 976 603 1023 intelligo,
619 989 653 1013 cur
666 977 780 1013 Dresselius
795 978 816 1012 in

24 1020 101 1057 alterius
112 1020 214 1066 Epitomes'
227 1019 247 1056 C.
258 1019 316 1055 LXX
326 1031 365 1056 uon
376 1022 473 1067 receperit
487 1022 609 1067 scripturam:
626 1021 684 1071 μήτε
697 1022 751 1073 ἡμεῖς
763 1026 817 1069 περί-

24 1069 180 1147 ηλλεπτοι,ηιιαιιι
192 1065 245 1112 prior
255 1065 345 1113 Epitome
359 1069 379 1101 et
388 1066 485 1102 Homiliae
496 1067 603 1114 porriguut.
618 1089 640 1094 -—
651 1067 675 1103 V.
686 1068 697 1102 8
708 1079 750 1114 sqq.
762 1067 817 1111 haec,

31 1112 70 1147 icet
79 1115 180 1158 corrupta,
193 1111 246 1147 edita
257 1116 302 1147 suut
313 1123 336 1147 ex
348 1111 402 1147 libris
414 1122 479 1147 mscu:
494 1110 563 1148 τούτου
576 1114 639 1150 ἕνεκεν
650 1112 744 1161 βούλομαί
755 1123 776 1148 σε
784 1112 818 1149 τὸν

24 1156 107 1203 Νικητην
115 1156 224 1194 strematico
232 1157 345 1204 npoededetv
355 1172 394 1206 μου
405 1157 451 1193 κατὰ
463 1156 573 1205 συστήματα
584 1157 619 1193 δύο
626 1156 732 1205 σποράδην,
741 1156 818 1205 μανθά-

24 1216 89 1243 νοντες
98 1202 130 1243 τὰς
138 1205 175 1239 τῶν
183 1205 245 1240 ἐθνῶν
253 1206 371 1250 εἰσέρχεσθον
383 1201 452 1243 πόλεις.
476 1203 553 1239 Haereo
564 1203 654 1250 equidem
663 1204 704 1249 Jam
715 1204 736 1237 iu
744 1203 817 1238 uerbis:

26 1260 44 1285 σε
56 1247 91 1285 τὸν
105 1248 188 1294 Νικητην
201 1252 232 1284 καὶ
241 1248 326 1290 Ἀκύλαν,
344 1259 394 1295 quae
409 1248 502 1291 leguntur
516 1247 575 1283 etiam
589 1249 609 1283 in
623 1248 704 1284 alterius
718 1248 818 1295 Epitomes

26 1293 45 1329 O.
55 1292 117 1336 LXX,
128 1295 173 1329 dum
185 1295 206 1329 in
220 1294 291 1340 prioris
304 1293 356 1338 Epit.
370 1291 390 1328 (i.
403 1292 460 1328 LXX
472 1294 566 1339 scriptum
579 1297 617 1329 est:
633 1305 654 1330 σε
665 1293 699 1331 τὸν
707 1300 731 1331 N.
743 1292 781 1342 ἅμα
794 1296 821 1340 τῷ

21 1337 93 1386 Ἀκύλη,
110 1351 166 1387 quam
180 1340 320 1374 correctionem
333 1349 376 1375 esse
387 1337 446 1374 facile
457 1338 579 1385 intelligitur.
602 1338 692 1386 Namque
705 1339 740 1375 illa
753 1341 820 1376 Homi-

24 1385 93 1420 liarum
101 1390 160 1431 atque
167 1384 268 1430 Epitomes
278 1383 358 1420 alterius
367 1382 464 1428 scriptura
473 1384 580 1431 siguificat:
593 1388 614 1420 te
622 1384 713 1422 Nicetam
725 1388 744 1421 et
755 1390 819 1421 tecum

13 1429 133 1476 „Aquilam‘e
156 1429 200 1465 Jam
213 1440 258 1465 vero
274 1429 381 1465 secundum
392 1428 488 1465 Homilias
504 1434 524 1465 et
537 1431 644 1466 secundum
658 1434 760 1479 utramque
774 1430 819 1476 Epi-

24 1479 89 1510 tomen
99 1474 109 1511 ὁ
122 1477 194 1525 Πέτρος
206 1473 279 1524 Νικήτη
287 1479 318 1512 καὶ
325 1473 391 1523 Ἀκύλη
399 1478 518 1523 προσωμίλει
531 1479 591 1523 λέγων
602 1479 622 1511 et
629 1475 688 1513 Petro
700 1477 820 1522 respondent

25 1520 44 1555 hi
54 1521 117 1567 ambo,
126 1533 165 1556 non
177 1533 227 1557 unus
236 1521 289 1556 solus
297 1520 373 1558 Niceta.
396 1521 529 1567 Exspectabas
539 1532 595 1567 ergo,
608 1532 659 1565 eum,
672 1521 706 1569 qui
713 1523 821 1568 posuisset:

26 1577 51 1609 σε,
59 1566 93 1604 τὸν
101 1564 189 1612 Nicetiano,
199 1567 308 1602 additurum
317 1566 389 1602 fuisse:
400 1570 433 1602 καί
440 1577 465 1609 σε,
475 1565 510 1604 τὸν
517 1566 600 1604 Ἀκύλαν.
623 1567 650 1603 Et
658 1568 686 1603 sie
696 1567 819 1603 scribendum

25 1616 82 1658 esset,
91 1613 129 1648 nisi
137 1612 257 1658 probabilior
266 1612 381 1648 emendandi
389 1612 440 1647 ratio
449 1616 567 1658 suppeteret.
593 1611 673 1648 Scilicet
686 1617 731 1659 post
740 1614 820 1648 uerbum

24 1656 116 1707 βούλομαι
127 1657 221 1693 facillime
231 1657 348 1692 intercidere
359 1657 432 1702 potuit:
447 1656 491 1705 ὑμᾶ.
516 1657 558 1700 Quo
571 1657 633 1703 facto,
649 1670 707 1705 quum
722 1670 745 1694 en
759 1657 819 1693 verbo

24 1702 76 1751 ὑμάσ
83 1703 125 1739 sola
133 1707 245 1748 superesset
251 1702 309 1738 litera
316 1701 380 1738 finalis
393 1714 413 1747 σ,
423 1706 485 1739 ortum
494 1706 524 1738 est
532 1714 559 1740 σε.
584 1701 673 1739 Ceterum
685 1703 763 1739 minime
772 1715 821 1750 opus

26 1752 55 1783 est
66 1749 161 1784 scribere:
175 1747 215 1786 τὸν
226 1746 310 1789 Ἀκύλαν,
325 1751 345 1784 et
357 1749 424 1783 nescio
439 1760 464 1783 an
476 1748 547 1794 injuria
558 1748 670 1784 Dresselius
684 1750 705 1785 iu
719 1749 820 1795 Epitomes

25 1794 104 1830 alterius
114 1793 135 1831 G,
143 1792 200 1829 LXX
211 1793 310 1829 addiderit
321 1793 423 1829 articulum
435 1794 469 1841 τῷ,
482 1794 502 1829 in
514 1806 553 1830 uuo
567 1794 609 1830 solo
622 1794 690 1830 codice
706 1798 821 1840 exstantem,

26 1851 142 1888 quamquam
156 1839 207 1875 intra
222 1852 240 1886 p.
252 1839 297 1884 282,
310 1840 321 1875 9
334 1851 363 1886 sq.
378 1838 458 1886 legitur:
478 1838 488 1876 ὁ
501 1839 584 1886 Νικήτης
597 1843 628 1876 καὶ
640 1839 650 1876 ὁ
662 1839 739 1881 Ἀκύλας
752 1842 822 1877 ἐκπλα-

24 1889 88 1932 γέντες
99 1888 172 1932 diepam
189 1887 237 1921 satis
249 1885 299 1921 enim
313 1890 355 1921 erat
366 1886 470 1921 articulum
482 1885 619 1932 praeposuisse
630 1886 690 1932 priori
699 1886 772 1931 nomini
779 1897 822 1932 pro-

25 1932 73 1975 prio.
86 1930 126 1966 cfr.
135 1930 193 1967 etiam
201 1930 245 1966 adu.
254 1931 279 1967 ad
288 1942 306 1977 p.
318 1931 358 1976 285,
367 1930 383 1965 1.
397 1951 420 1956 -
433 1930 493 1967 Porro
502 1931 574 1977 aperte
583 1936 694 1978 corruptum
704 1935 735 1968 est
742 1932 822 1968 verbum

40 1975 161 2017 κνθάνοντες.
185 1976 306 2012 Laudandus
322 1980 388 2013 tamen
401 1976 523 2023 Dresselius,
538 1977 591 2025 quod
604 1989 628 2013 ex
638 1976 756 2023 conjecturis
765 1976 822 2012 Cote-

25 1991 78 2057 ierit.-
91 2021 220 2063 λανθάνοντας
231 2030 250 2057 ct
261 2021 403 2064 tardandum,
419 2026 507 2058 neutram
519 2024 540 2057 in
552 2025 625 2058 textum
637 2023 716 2068 recepit.
739 2021 823 2058 Videtur

27 2068 77 2103 enim
86 2068 151 2115 potius
164 2068 256 2114 scriptum
267 2067 338 2103 fuisse:
349 2071 504 2117 μονωθέντας
516 2081 544 2104 τε.
557 2070 687 2108 Μονιούέντες
698 2068 750 2103 idem
762 2068 821 2114 signi-

26 2112 72 2149 ficat
89 2118 158 2161 atque:
176 2112 275 2161 σποράύην
290 2113 374 2161 ἀλλήλων
389 2113 498 2160 γενόμενοι,
517 2126 556 2159 qua
571 2113 671 2149 locutione
690 2112 723 2148 hic
740 2114 823 2159 scriptor

26 2159 87 2194 utitur
94 2159 139 2195 loco
149 2159 255 2205 consimili,
264 2159 297 2206 qui
307 2164 337 2196 est
345 2171 364 2206 p.
372 2159 412 2205 256,
422 2160 449 2194 15.
457 2181 480 2186 -
488 2158 512 2195 V.
521 2159 543 2194 14
551 2158 664 2204 recipienda
672 2163 714 2194 erat
723 2159 796 2194 codicis
806 2158 821 2194 0

27 2204 132 2251 scriptura:
141 2208 230 2253 θέλομεν.

72 2251 94 2286 Ρ.
101 2251 141 2295 256,
150 2251 161 2286 6
170 2251 223 2296 quod
231 2253 267 2296 est,
275 2255 333 2292 νοεῖν,
340 2253 396 2286 recte
404 2250 453 2285 illud
462 2252 559 2286 servatum
567 2248 591 2284 ab
601 2249 719 2296 editoribus,
727 2250 824 2296 reperitur

28 2296 85 2332 etiam
95 2297 116 2332 in
128 2297 206 2332 alterius
219 2295 270 2342 Epit.
282 2294 303 2332 C.
315 2294 391 2339 LXXI,
405 2295 439 2331 ubi
454 2295 500 2342 quid
513 2294 550 2331 sibi
561 2295 644 2331 voluerit
654 2295 773 2342 Dresselius,
786 2308 822 2342 pro

28 2343 110 2389 ἒξελὲγης
117 2341 223 2387 recipiens:
232 2343 324 2388 ἔξελέγεις,
333 2340 410 2376 difficile
419 2343 449 2376 est
457 2341 482 2375 ad
489 2339 619 2376 divinandum.
626 2361 648 2367 -
654 2340 678 2377 Vi
686 2341 696 2377 7
704 2340 746 2376 fieri
752 2344 822 2387 potest,

28 2391 49 2422 ut
58 2390 109 2431 ἐπεὶ,
119 2388 171 2435 quod
183 2392 213 2423 est
223 2388 243 2422 in
255 2386 323 2422 codice
332 2385 357 2432 0,
371 2397 411 2421 non
424 2385 519 2421 debeatur
531 2386 600 2422 calami
608 2386 684 2432 lapsui,
694 2387 728 2422 sed
736 2386 789 2422 varia
798 2387 824 2422 sit

28 2432 97 2476 lectio,
111 2434 231 2479 respondens
246 2432 280 2468 illa
292 2431 400 2477 particulae
416 2430 455 2474 ὅτι,
471 2442 521 2479 quae
535 2432 597 2467 estin
611 2432 710 2478 Epitomes
723 2432 793 2476 prioris
802 2431 823 2467 G.

28 2477 100 2513 LXXI.
115 2479 153 2516 Vel
161 2479 189 2519 sic
197 2482 264 2514 tamen>
269 2478 372 2513 retinenda
380 2476 456 2513 videtur
465 2476 539 2512 codicis
548 2475 563 2512 G
572 2478 673 2524 scriptura.
681 2498 705 2503 —
712 2477 736 2513 V.
745 2478 756 2513 8
765 2489 824 2524 quum

28 2528 109 2572 uterque
126 2524 255 2560 Homiliarum
270 2523 331 2559 codex
347 2523 449 2569 praebeat:
465 2522 534 2572 ἀνάγκη
551 2524 608 2559 τοῦτο
623 2522 722 2570 προάγειν,
738 2526 758 2559 et
771 2523 823 2569 Epit.

28 2569 81 2606 alter.
92 2570 113 2606 G.
122 2568 183 2613 LXX,
199 2580 261 2617 aeque
274 2572 334 2615 atque
346 2569 388 2604 cod.
399 2580 440 2615 reg.
449 2567 492 2613 804,
503 2567 573 2618 ἀνάγκη
588 2568 623 2614 (sie
636 2569 686 2605 enim
698 2568 824 2605 scribendum

29 2615 77 2663 erat)
91 2618 125 2653 τοῦ
136 2615 227 2663 πράττειν
238 2616 303 2656 τοῦτο,
317 2614 441 2650 statuendum
456 2613 501 2658 erit,
512 2615 533 2649 in
545 2613 645 2650 codicibus
653 2614 783 2650 Hcmiliarum
791 2619 826 2652 ant

29 2665 73 2697 aute
82 2664 139 2699 τοῦτο
151 2660 283 2698 intercidisse:
295 2661 336 2697 τοῦ
347 2659 539 2708 πράττειν,ἀληνο
550 2658 642 2714 προάγειν
653 2660 702 2696 nihil
716 2660 770 2697 aliud
782 2673 826 2698 esse

29 2716 86 2751 quam
98 2707 277 2755 interpretationem
290 2706 315 2741 ad
327 2707 383 2743 τοῦτο
399 2706 525 2752 adscriptam,
534 2708 568 2741 aut
575 2705 664 2751 primitus
672 2706 747 2742 lectum
755 2707 825 2743 fnisse:

28 2750 96 2803 ἀνάγκη
106 2755 139 2790 τοῦ
148 2752 261 2801 πράττειν
269 2766 278 2788 τ
286 2750 296 2788 ὸ
304 2750 401 2802 προάγειν,
410 2773 432 2778 -
440 2750 537 2796 V.10p10
546 2751 595 2787 πολὺ
607 2751 680 2800 μακράν
690 2754 824 2800 reponendum

29 2795 81 2834 dico:
93 2813 114 2835 π.
128 2802 283 2848 μακροτέραν,
299 2809 325 2833 sc.
342 2796 394 2835 teto.
411 2819 433 2824 -
448 2797 472 2833 V.
488 2797 512 2832 13
527 2800 579 2833 recte
594 2797 707 2834 Dresselius
723 2810 758 2846 pro
774 2798 825 2847 ὅμως

688 2858 706 2884 19
