1827 3065
70 166 111 208 278
254 179 256 184 “
283 173 666 209 r.wrnsnnnnrnnuornrr.cn1rr.

71 277 138 321 aelius,
148 289 207 324 quum
215 275 330 311 vocabulum
339 274 449 310 καθεστῶσι
460 284 470 308 e
479 272 546 308 codice
556 271 571 307 0
581 272 663 318 recepit,
672 271 753 307 difficile
766 276 796 307 est
808 275 832 309 ad
840 277 864 313 in.

71 323 206 370 telligendum.
229 320 306 355 Etenim
320 322 391 365 aperte
409 323 519 364 corruptum
537 321 567 353 est
579 330 611 353 ex:
629 320 765 363 κιιθιστῶσι.
790 317 864 360 eodo

71 368 140 405 habet:
156 368 278 408 καθεστᾶσιν,
296 365 348 412 quod
366 376 378 400 a
391 363 458 400 Sohwe
473 365 514 399 lero
528 368 582 399 reete
593 367 688 399 mutatum
704 363 733 399 in:
750 367 864 408 καθιστᾶσιν,

74 413 141 460 Supra,
150 426 168 459 p.
177 413 216 456 200,
225 412 236 446 3
244 411 354 446 Dresselius
367 410 440 446 codicis
477 410 591 454 scripturam
600 411 677 447 ἱστᾶσιν
688 409 781 455 praetulit
789 409 864 452 lectioni

72 462 160 501 ἱστῶσιν,
175 469 230 504 quam
243 456 325 502 praebet
336 457 380 492 cod.
391 456 412 492 Ο.
426 455 573 501 1nfrap.359‚9
588 468 623 502 pro
631 455 737 499 ἀνθεστώς,
749 456 802 502 quod
811 462 840 493 est
847 459 865 497 in

73 507 115 542 cod.
128 504 148 548 0,
163 515 186 538 ex
201 502 269 538 codice
284 500 300 537 Ο
313 502 398 548 recepit:
413 502 515 540 ιἰνθιστῶν.
539 501 591 548 Ergo
607 502 644 537 sibi
656 513 694 537 non
710 501 798 537 constitit
810 502 864 542 homo

73 552 146 586 doctus.
169 548 273 594 Equidem,
287 559 398 595 quanquam
411 549 463 594 apud
475 548 527 583 hunc
540 549 654 593 scriptorem
666 547 712 583 ferri
721 558 779 593 posse
788 547 865 587 formam

72 595 129 632 ἴστάω
137 593 189 629 haud
197 598 258 640 nego,
269 597 343 637 tamen,
351 595 386 630 ubi
400 595 453 640 optio
466 595 530 638 datur,
543 593 600 629 alteri
609 604 652 629 csse
663 594 819 640 posthabendam
831 597 865 632 exi-

73 642 136 676 stimo.
159 640 183 675 In
189 640 241 685 Epit.
249 652 279 686 pr.
286 638 305 675 G.
315 639 344 675 XI
353 643 392 676 est:
401 641 525 687 παρρστῶσιν.

117 686 138 721 Ρ.
146 686 296 731 206,11υορλυιιι
302 686 419 722 vocabulum
427 687 480 722 οὑτοι
490 686 521 720 vix
529 684 618 721 dubitare
625 684 672 720 lieet
680 683 726 731 quin
734 687 797 720 ortum
803 684 828 720 sit
835 698 865 725 er:

72 730 111 773 οὓς
125 734 152 767 οἱ.
175 732 227 777 Ergo
239 732 260 766 in
273 731 449 768 codiceOvocula
457 735 476 767 ot
487 742 588 777 perperam
597 730 628 766 bis
636 735 720 766 exarata.
744 730 865 776 Legendnm:

73 782 121 815 εἰσὶν
130 779 156 820 δέ,
166 775 197 818 οὓς
207 780 226 813 οἱ
235 778 324 824 δαίμονες
333 781 377 813 cett.
384 799 407 803 -
415 777 439 813 V.
447 777 459 812 4
467 776 577 812 Dresselius
587 777 674 822 scripsit:
685 780 716 813 καὶ
725 775 770 817 τοὺς
779 778 867 825 δαίμονας

73 825 120 861 εἶναι
129 822 174 864 τοὺς
187 822 270 863 πολλοὺς
278 822 416 865 λανθάνουσιν,
431 835 466 869 pro
476 834 509 866 eo,
524 823 576 869 quod
584 826 614 858 est
622 823 642 857 in
650 822 705 858 libris
714 834 780 858 mscr.:
796 827 866 862 καὶτοῦ

73 871 165 911 δαίμονος
175 868 207 904 vel
221 870 256 905 τοῦ
270 871 303 905 dot
318 883 366 910 ονας.
390 869 417 904 At
429 868 521 904 articulus
535 867 579 908 τοὺς
592 868 645 903 nullo
658 872 716 914 pacto
731 872 761 904 est
772 868 866 907 ferendus.

72 915 179 951 Praeterea
193 915 274 950 miretur
287 884 367 961 aliquis,
382 914 503 949 nullumdum
514 912 620 949 offendisse
632 913 652 948 in
664 914 723 949 verbo
736 913 866 953 λανθάνουσιν.

73 961 216 1007 Exspectabas:
226 960 321 997 λανθάνει.
346 959 448 1006 Suspicor:
463 964 494 996 καὶ
501 958 586 1000 αὐτοὺς
598 961 690 1007 δαίμονας
698 961 746 996 εἶναι
754 960 786 995 vel
794 960 818 996 τὸ
828 963 867 997 dot-

73 1020 134 1054 μονας
143 1008 190 1042 εἶναι
199 1012 233 1047 (sc.
243 1007 330 1048 ἐκείνους,
340 1009 358 1042 οἳ
367 1012 407 1046 τοῖς
415 1007 495 1041 νοσοῦσι
504 1010 606 1053 θεραπείας
613 1004 761 1045 συντάσσουσιν)
769 1004 813 1047 τοὺς
821 1010 866 1042 πολ

73 1051 118 1092 λοὺς
126 1050 246 1088 λάνθανόν
255 1053 321 1088 ἐστιν
330 1051 355 1090 (h.
364 1062 380 1087 e.
389 1050 491 1092 λανθάνει).
499 1071 521 1076 -
534 1052 556 1087 V.
570 1051 592 1087 15
601 1063 629 1097 sq.
639 1051 711 1086 editum
720 1051 801 1097 legitur:
811 1051 867 1089 πόσοι

74 1097 111 1134 κατ’
121 1096 167 1143 ὅντιρ
176 1097 248 1145 ὁμοίως
257 1095 320 1138 άλλοις
329 1096 431 1145 ὤφθησαν,
440 1100 471 1133 καὶ
480 1094 530 1144 ῦπαρ
539 1097 689 1143 συναντήσαντος
696 1096 783 1142 ἀλλήλοις
790 1097 839 1144 πρὸς
847 1098 867 1135 τὸ

74 1143 113 1180 κατ’
123 1142 167 1191 ὄναρ
177 1142 320 1189 ἀναβάλλοντες
328 1144 350 1179 οὐ
359 1140 500 1190 συνεφώνησαν.
518 1143 556 1180 Sed
564 1141 613 1178 haec
620 1143 680 1179 verba
688 1154 751 1189 neque
761 1143 867 1180 sententiae

75 1200 137 1235 neque
147 1189 225 1235 linguae
234 1188 311 1235 legibus
320 1188 450 1224 satisfaciunt.
466 1188 562 1235 Equidem
572 1200 648 1234 censeo,
661 1200 695 1235 pro
706 1188 777 1238 ὁμοίως
785 1188 868 1225 seriben-

76 1235 122 1269 dum
130 1246 183 1269 esse:
196 1233 285 1283 ὅμοιοι,
297 1238 317 1270 et
328 1233 437 1281 ἀλλήλους
449 1246 494 1280 pro:
509 1234 599 1281 ἀλλήλοις.
623 1235 699 1270 Pendet
707 1239 772 1270 autem
780 1234 868 1282 ἀλλήλους

76 1292 100 1315 en
108 1280 255 1326 donastitarum
264 1301 285 1305 —
295 1280 349 1322 Quae
359 1286 465 1326 sequuntur
472 1282 539 1323 verba,
553 1280 581 1315 sic
589 1280 679 1316 videntur
689 1292 732 1315 esse
740 1281 868 1317 restituenda:

77 1325 124 1362 ὥστε
133 1326 158 1361 οὐ
166 1326 210 1361 κατ’
221 1324 266 1370 ὄναρ
278 1329 328 1371 (pr0:
341 1325 375 1362 οῦκ
383 1329 411 1363 ἔτι
419 1325 471 1372 ὄναρ)
483 1325 584 1374 ἐπιφάνεια
592 1325 651 1363 ἰκεῖνό
661 1328 721 1369 ἔστιν,
734 1326 771 1362 ἀλλ’
780 1324 792 1372 ἢ
801 1328 867 1376 δαίμο-

75 1369 108 1411 νός
117 1370 187 1414 ἔστινῆ
195 1373 257 1417 ψυχῆς
265 1384 316 1408 τινα
324 1375 376 1417 (prcz
385 1370 413 1415 τά)
423 1370 564 1420 ἐπιγεννήματα.

121 1416 143 1451 P.
152 1415 192 1460 207,
202 1417 223 1450 11
233 1415 294 1465 σαφής
302 1417 417 1462 typothetae
427 1428 491 1452 errore
501 1421 599 1452 exaratum
609 1420 639 1451 est
647 1428 693 1462 pro:
707 1421 770 1465 σαρές.
782 1438 805 1443 -
817 1417 838 1453 V.
848 1417 869 1453 14

76 1473 101 1497 ne
108 1461 151 1508 quis
158 1462 333 1507 obtemperandum
340 1473 383 1497 esse
391 1462 481 1509 opinetur
487 1462 617 1508 Schweglero‚
626 1462 714 1497 conferat
721 1464 778 1499 modo
786 1463 848 1509 paca,
853 1463 868 1498 8.

122 1507 144 1542 P.
153 1507 192 1552 208,
201 1507 223 1541 17
236 1507 309 1543 nollem
320 1509 394 1543 intaeta
404 1508 473 1543 relicta
485 1512 537 1544 esset
548 1508 618 1543 forma:
634 1507 777 1555 συγκράβουσιν.
800 1508 822 1544 P.
830 1509 868 1554 365,

77 1552 99 1587 11
108 1563 142 1598 sq„
151 1553 186 1588 nbi
195 1552 237 1588 cod.
247 1551 363 1598 Cporrigit:
375 1553 489 1601 ιἰπέκρυβον,
498 1553 610 1589 Dresselius
623 1564 632 1588 e
645 1554 711 1590 codice
721 1554 736 1590 0
749 1558 802 1590 recte
814 1566 868 1601 repo·

77 1598 126 1633 suit:
135 1598 263 1646 ἀπέκρυπτον.
277 1596 315 1633 Gfr.
324 1598 411 1634 Lobeek.
420 1600 445 1634 ad
454 1598 561 1644 Phrynieh.
570 1611 588 1644 p.
597 1599 631 1633 317
640 1611 668 1646 sq.

121 1643 142 1678 P.
151 1643 190 1687 209,
199 1644 210 1678 3
218 1643 238 1677 in
247 1643 353 1679 locutione:
367 1643 391 1680 dr?
401 1645 456 1680 ἐνιῶν
466 1646 561 1688 ἐπινοιῶν,
573 1644 688 1679 vocabulum
700 1646 757 1683 ἔνιῶν
769 1657 869 1681 ansanum

76 1700 115 1725 non
124 1688 150 1723 sit
159 1688 232 1724 dubito.
250 1688 348 1735 Oonjicio:
357 1691 432 1726 rosae.
446 1688 484 1725 Ofr.
494 1701 535 1726 voc.
542 1689 644 1737 ἒνεόιγριον.

121 1734 143 1769 P.
151 1734 191 1779 210,
200 1734 211 1768 2
220 1746 247 1781 sq.
261 1745 329 1780 parum
341 1739 387 1781 apta
399 1734 446 1769 milri
457 1737 548 1771 videntur
561 1736 630 1770 verba:
643 1737 687 1772 ἐπεί
691 1749 721 1784 γε,
733 1739 824 1782 corrupta
831 1736 868 1781 illa,

77 1784 99 1815 ut
112 1779 186 1825 opinor,
202 1790 234 1815 ex:
247 1781 256 1815 ἐ
259 1783 286 1816 πὶ
300 1781 329 1817 δὲ.
340 1801 363 1806 -
374 1780 398 1816 V.
405 1779 418 1814 4
426 1793 468 1828 sqq.
477 1780 552 1816 mireris
564 1781 683 1816 nullumdum
693 1783 717 1817 de
726 1783 796 1818 mendo
805 1787 869 1827 postu-

77 1824 148 1860 lavisse
157 1824 306 1861 verbahaecce:
316 1846 338 1851 -
351 1826 387 1862 ἀλλ’
398 1827 452 1863 αὐτοὶ
459 1831 525 1876 μηκέτι
533 1825 672 1876 ἁμαρτάνοντες
680 1831 710 1863 καὶ
721 1829 761 1873 Θεῷ
773 1826 870 1864 &vendoni-

78 1882 128 1910 στιος
141 1869 266 1911 πιστεύοντες
280 1869 303 1907 τὰ
317 1870 378 1908 dum
391 1872 437 1908 κακά
449 1871 547 1921 πνεύματα
562 1876 591 1908 καὶ
603 1872 694 1919 δαιμόνια
705 1872 780 1921 γαλεπά
788 1872 823 1910 σὺν
832 1878 870 1913 τοῖς

78 1917 148 1956 δεινοῖς
156 1916 239 1952 πάθεσιν
247 1915 354 1954 oneravere.
361 1919 422 1954 ἐνίοτε
428 1919 450 1956 δὲ
457 1917 519 1967 μόνον
528 1918 630 1954 ἕνιιλόντιον
639 1917 692 1968 ὑμῶν
700 1912 808 1967 ιμέύξοντιυ.
817 1924 870 1956 ἴσασι

77 1960 112 2008 γὰρ
121 1960 166 2001 τοὺς
176 1961 322 2002 ιέποιλεῦωκότας
333 1962 410 2004 ἑαυτοὺς
423 1965 450 2010 τῷ
463 1965 508 2008 Θεῷ.
521 1963 551 2000 διὸ
561 1965 653 2014 τιμῶντες
661 1964 731 2006 αὐτοὺς
740 1969 869 2012 πεφοβημένοι

78 2006 189 2055 φεύγουσιν,
199 2006 263 2056 ῶσπερ
272 2009 326 2055 ἐχθὲς
334 2008 430 2052 ἑωράκατε,
440 2011 481 2050 πῶς
489 2012 536 2058 ἐμοῦ
544 2010 663 2058 ἀναθεμένου
671 2009 719 2058 μετὰ
731 2011 765 2055 τὴν
774 2023 869 2059 προσομι-

78 2056 120 2089 λίαν
132 2051 223 2093 εὔξασθαι
236 2052 283 2101 ὑπὲρ
296 2054 333 2089 τῶν
344 2054 458 2100 πασχόντων
468 2054 514 2091 αὐτὰ
525 2054 548 2090 τά
559 2054 621 2100 πάθη,
634 2057 657 2102 τῆ
668 2055 716 2101 πρὸς
728 2055 762 2101 τὴν
769 2062 871 2103 θρησκείαν

79 2100 124 2147 τιμῇ
135 2098 244 2146 ἀνέκραγεν,
257 2104 346 2146 βραχεῖαν
357 2099 407 2148 ὤραν
419 2103 480 2140 στέξαι
488 2099 515 2154 μὴ
527 2096 651 2146 dormituros
663 2102 685 2136 ln
698 2103 806 2146 enuntiato,
819 2102 868 2149 quod

78 2144 148 2191 incipit
156 2156 168 2179 a
176 2145 272 2180 vocabulo
285 2147 354 2187 ἐνίοτε,
368 2146 463 2181 excidisse
477 2147 553 2181 videtur
564 2146 673 2192 subjectum
685 2148 785 2182 masculini
795 2148 870 2194 generis

79 2191 206 2237 ejusdemque
215 2189 364 2236 significationis
373 2196 431 2238 atque
443 2200 558 2239 praegressa
570 2192 637 2227 verba:
652 2191 675 2228 τά
682 2192 728 2229 κακά
736 2194 834 2244 πνεύματα
842 2198 871 2230 καὶ

80 2235 171 2285 δαιμόνια
182 2235 261 2282 χαλεπά.
284 2236 338 2283 Ergo
353 2237 476 2273 scribendum
491 2237 555 2272 dicas:
572 2239 632 2274 ἐνίοτε
649 2239 669 2274 δὲ
684 2240 797 2288 δαίμονες
809 2239 871 2289 μόνον

80 2285 125 2317 cett.
148 2280 209 2316 Porro
227 2282 299 2317 clarum
320 2286 357 2326 est,
371 2287 470 2329 postrema
485 2284 545 2318 verba
560 2283 649 2330 flagitare
662 2284 770 2330 subjeetum
784 2285 870 2321 neutrius

79 2326 157 2373 generis
169 2326 226 2361 simili
237 2328 347 2373 praeditum
358 2330 443 2365 notione.
468 2329 571 2365 Praeterea
583 2331 645 2365 minus
658 2336 724 2375 aptum
732 2332 812 2366 verbum
820 2330 871 2373 αὐτὰ,

80 2374 133 2419 quod
148 2375 178 2407 est
188 2376 233 2408 ante
245 2372 267 2410 τά
278 2375 338 2420 πάθη.
360 2375 430 2422 Itaque
442 2375 470 2410 sic
482 2375 523 2410 fere
538 2376 630 2421 scriptum
644 2376 705 2412 fuisse
717 2376 809 2413 arbitror:
826 2378 869 2419 πῶς,

80 2420 128 2467 ἐμοῦ
135 2417 254 2468 ιἰνοιθεμένου
263 2420 413 2466 -ποισχόντων,
429 2420 454 2457 τὰ
467 2419 587 2468 πνεῦμιιτα
601 2421 626 2457 τὰ
638 2421 769 2467 ποιήσαντα
781 2422 803 2459 τά
817 2422 870 2467 πάθη

80 2466 103 2511 τῇ
111 2463 160 2513 πρὸς
168 2469 213 2500 cet-t.
236 2465 304 2501 Paullo
312 2466 364 2502 infra
371 2479 390 2512 p.
399 2467 439 2510 211,
448 2467 471 2502 10
479 2468 610 2513 appellantur:
623 2467 645 2503 τά
655 2467 757 2506 παθοποιά
768 2468 871 2516 πνεῦματα.

78 2506 145 2564 A'tque
153 2509 250 2556 posterior
258 2511 306 2548 haec
315 2513 395 2548 mutatio
405 2512 451 2566 quin
460 2513 551 2549 idoneam
560 2513 633 2549 habeat
640 2514 746 2559 rationem,
754 2526 784 2550 me
793 2515 870 2562 quidem

77 2557 144 2603 judice
157 2556 245 2591 dubitari
252 2558 324 2604 nequit.
348 2559 375 2593 At
387 2570 450 2604 priore
459 2559 494 2594 illa
506 2570 544 2594 non
557 2571 600 2595 esse
609 2559 685 2595 omnino
698 2571 752 2606 opus,
765 2562 871 2597 contendat

80 2602 155 2648 aliquis,
164 2602 197 2647 qui
206 2603 314 2638 meminerit
322 2604 415 2651 locorum,
424 2604 491 2650 quales
500 2608 545 2640 sunt
555 2618 572 2650 p.
581 2606 620 2646 226,
629 2605 651 2640 11
660 2618 711 2653 sqq.:
725 2605 774 2651 πλὴν
785 2610 802 2643 εἰ
813 2605 871 2646 ὄντας

81 2650 156 2694 ἔμπνοα
167 2648 190 2693 ἦν
203 2646 225 2684 τά
236 2648 342 2698 σεβάσματα
353 2649 411 2699 ὑμῶν,
423 2650 455 2699 αφ’
465 2652 536 2688 ἑαυτῶν
544 2650 566 2688 ἂν
574 2653 658 2694 ἐκινεῖτο,
668 2651 735 2699 φωνὴν
742 2650 766 2688 ιῖν
774 2652 827 2700 εἶχεν,
837 2651 871 2697 τὴν

81 2693 110 2728 ἐπ’
119 2694 183 2735 αὐτοῖς
200 2692 282 2741 ἀράχνην
294 2695 392 2733 ιἰπεσείετο
406 2700 451 2732 cett.
464 2698 498 2734 νῦν
516 2698 537 2733 δὲ
552 2696 625 2733 τούτων
641 2698 697 2734 οὐδὲν
715 2698 814 2742 ποιοῦσιν,
833 2696 870 2734 etr?

82 2738 188 2783 xorddmor,
202 2743 232 2776 καὶ
243 2740 324 2788 μάλιστα
336 2745 355 2777 οἱ
368 2741 478 2790 τιμιώτεροι.
489 2741 561 2784 αὐτῶν,
576 2744 704 2789 ιγρουροῦντιιι
713 2746 762 2787 cett,
775 2747 794 2779 ct
805 2756 823 2790 p.
832 2743 871 2787 227,

82 2783 105 2818 18
114 2795 164 2830 sqq.:
175 2784 222 2822 αὐτὰ
233 2787 267 2832 (sc.
275 2786 329 2835 ὑμῶν
338 2787 360 2824 τὰ
368 2787 467 2836 ἱδρύματα)
479 2787 514 2835 γάρ
523 2788 580 2825 οὐδὲν
588 2788 683 2835 δυνάμενα
693 2787 750 2825 οὐδὲν
759 2796 815 2827 ποιεῖ.
831 2792 871 2825 ἐπεὶ
880 2834 882 2837 .

82 2832 148 2885 {inqu
159 2829 212 2877 ἡμῖν,
228 2835 248 2868 τί
258 2834 371 2875 διοικοῦσιν,
385 2837 405 2868 τί
417 2834 496 2869 ποιοῦσι
509 2835 604 2874 τοιοῦτον,
618 2832 688 2870 ὁποῖόν
700 2848 718 2869 τι
731 2834 803 2873 οἱκατὰ
810 2834 871 2872 τόπον

82 2888 183 2922 ηγουμενοι
189 2890 195 2917 ,’
208 2880 227 2911 τί
237 2878 257 2913 δὲ
266 2879 363 2924 ἐνεργοῦσι
373 2879 471 2920 τοιοῦτον,
486 2877 557 2915 ὁποῖον
569 2881 588 2914 οἱ
596 2880 630 2915 τοῦ
641 2880 688 2917 Θεοῦ
696 2879 781 2929 ἀστέρες,
795 2885 811 2918 ιλ
818 2879 844 2929 μή
853 2895 871 2916 τι
