1827 3065
332 111 437 144 arraona
449 111 552 152 atrurn..
795 98 835 140 191

47 220 112 258 Petrus
118 220 218 260 regressus
224 209 302 256 accepit
307 220 382 257 panem,
391 211 464 258 gratias
471 210 518 258 egit,
527 209 634 255 benedixit,
641 209 769 253 consecravit,
777 209 837 256 fregit

48 270 66 302 et
77 258 133 297 matri
146 256 228 304 primum
240 254 295 291 dedit
307 267 330 291 ac
342 259 387 301 post
398 268 440 293 eam
451 257 507 293 nobis
520 257 561 293 eius
572 255 625 292 filiis.
649 254 714 302 Atque
725 255 754 291 ita
763 267 806 290 cum
814 266 838 291 ea

4 315 6 346 ζ
48 305 167 348 comedimus,
176 301 278 349 Deumque
287 300 377 338 laudibus
385 302 484 348 prosecuti
492 315 562 339 sumus.

90 360 140 399 CXI.
165 358 216 394 Turn
228 358 298 394 deinde
309 358 378 394 Petrus
390 358 498 406 ingressum
509 360 601 414 populum
612 359 681 395 videns
698 369 741 394 cum
753 358 837 394 sedisset

4 445 7 447 ,
47 419 116 455 nosque
129 404 220 441 iussisset
233 403 328 448 assidere,
342 405 438 440 enarravit
453 416 490 452 qua
503 410 577 442 ratione
591 406 647 442 uobis
661 407 706 452 post
719 404 837 451 baptismum

3 466 8 478 ·-
47 450 153 507 praemissis
162 450 204 497 ipse
212 449 267 486 tarde
279 450 375 486 rediisset.
400 448 482 486 Causam
493 463 538 488 vero
546 451 596 488 hanc
605 450 694 487 dicebat:
708 450 770 486 Simul
778 453 837 496 atque

4 527 8 534 ,,
47 513 87 544 ,0s,
96 496 168 544 inquit,
178 495 307 541 discessistis,
319 507 378 531 senex
389 496 485 542 operarius
497 497 584 542 advenit,
597 498 630 544 qui
640 497 714 533 curiose
724 507 744 532 se
754 497 838 532 occulta-

47 548 107 589 verat,
119 542 176 578 nobis
187 542 240 588 prius
253 540 360 577 observatis
375 541 433 589 (sicut
445 541 487 588 ipse
499 546 567 589 postea
578 543 642 579 fassus
657 542 705 590 est),
719 545 741 577 ut
755 541 837 586 rideret,

48 591 134 642 quidnam
143 587 226 634 ingressi
233 587 297 623 locum
306 588 404 624 obtectum
413 598 522 635 ageremus,
534 593 602 636 postea
614 590 664 625 clam
673 588 721 625 exiit
730 591 749 624 et
758 591 837 624 secutus

5 665 6 669 ,
48 642 83 681 est,
96 639 154 680 atque
165 635 186 669 in
199 636 305 680 opportuno
317 633 360 669 loco
372 632 488 669 conveniens
500 645 530 669 me
539 646 561 670 ae
573 635 659 671 salutans
670 635 708 671 ait:
720 634 762 670 Iam
775 634 808 668 diu
816 637 837 669 te

3 684 6 720 ξ
48 692 125 729 sequens
135 683 154 715 et
166 678 239 726 alloqui
253 678 333 726 cupiens
345 677 435 724 verebar,
446 690 470 715 ne
478 678 526 714 mihi
533 683 624 727 tanquam
632 681 707 717 curioso
716 679 837 723 irascereris3

5 750 6 753 =
48 739 94 767 nime
103 728 167 762 autern
177 725 280 770 quaemihi
289 725 379 760 videntur
386 735 437 769 vera,
447 724 464 759 si
471 724 501 760 ris
508 725 590 771 profero.
606 726 632 762 Et
640 738 676 773 ego
684 725 785 773 respondi:
797 725 837 761 Dic

0 776 4 811 ’ᾖ
47 772 99 812 nobis
108 771 159 818 quod
170 770 208 806 tibi
215 770 292 807 videtur
301 770 433 815 essebonum,
442 773 462 806 et
470 770 592 807 laudabimus
600 775 626 818 te,
635 772 683 809 lieet
690 783 711 807 re
719 783 775 816 vera,
785 771 837 817 quod

0 847 2 850 f
48 818 124 861 dixeris,
132 816 204 853 bonum
215 828 254 852 non
261 816 329 861 fuerit,
344 815 433 863 quoniam
440 816 531 863 prudenti
540 817 620 854 consilio
629 818 659 863 id,
670 817 721 865 quod
728 816 767 852 tibi
774 818 837 852 risum

2 864 6 897 ’ἶ
48 868 75 903 est
82 863 159 907 bonum,
167 861 252 897 volueris
260 862 353 909 proloqui,

91 918 151 955 GXH.
176 918 226 954 Tum
235 929 294 955 senex
302 918 331 954 ita
340 917 404 965 coepit
415 918 488 955 dicere:
501 919 524 955 In
535 920 583 956 mari
591 931 625 956 vos
633 920 705 956 lavisse
714 919 755 955 vidi
764 922 837 965 etpost

46 968 80 1003 hoc
88 965 113 1001 ad
122 967 217 1001 secretum
226 964 330 1001 secessisse
339 964 411 1000 locum:
421 965 516 1001 accedens
526 977 571 1013 ergo
580 969 599 1002 et
608 966 711 1002 observans
720 965 743 1001 de
752 965 836 1009 occulto,

47 1011 91 1059 quid
98 1011 119 1046 in
127 1013 222 1046 secretum
230 1010 314 1057 ingressi
326 1009 420 1057 ageretis,
433 1022 476 1046 cum
484 1014 560 1047 orantes
569 1011 705 1058 inspexissem,
718 1011 801 1046 secessi:
816 1014 836 1046 et

46 1069 78 1094 ros
85 1056 186 1092 miseratus
196 1056 279 1103 opperiri
288 1057 350 1103 coepi,
358 1067 456 1102 usquequo
466 1068 554 1103 egressos
563 1057 672 1103 alloquerer
678 1068 700 1091 ac
709 1056 804 1100 docerem,
811 1068 836 1091 ne

47 1103 116 1140 erretis.
140 1101 191 1144 Quia
201 1113 263 1148 neque
271 1102 325 1137 Deus
334 1106 443 1148 est,>neque
451 1101 586 1147 Providentia,
596 1102 631 1137 sed
639 1101 713 1137 Genesi
721 1100 785 1137 omnia
793 1101 837 1137 sub-

3 1164 5 1166 ’
47 1150 114 1191 iacent,
124 1147 175 1183 sicut
184 1158 220 1193 ego
229 1159 252 1183 er
264 1147 297 1192 iis,
307 1158 355 1194 quae
363 1147 411 1182 mihi
419 1147 542 1192 accederunt,
550 1146 709 1183 manifestissime
719 1146 809 1192 comperi,
817 1146 838 1182 in

0 1215 2 1217 -
48 1193 148 1240 disciplina
159 1194 268 1230 matheseos
280 1193 404 1240 iampridem
415 1192 623 1239 diligentercruditus.
647 1191 694 1228 Noli
710 1202 756 1238 ergo
770 1203 837 1228 errare.

2 1256 4 1258 v
47 1240 89 1276 Sive
103 1238 153 1274 enim
165 1249 217 1284 ores,
229 1239 270 1275 sive
277 1250 326 1283 non,
338 1249 387 1284 quae
397 1236 480 1274 Genesis
491 1241 526 1274 tua
538 1238 634 1283 continet,
645 1237 694 1274 haec
702 1237 740 1273 tibi
747 1237 842 1273 accident

0 1285 5 1324 2.
46 1284 158 1321 necessario,
181 1283 231 1321 Nam
240 1285 256 1320 si
264 1295 331 1331 preces
340 1287 420 1330 possent
429 1283 504 1329 aliquid
512 1284 544 1319 vel
551 1283 605 1319 bona
613 1295 623 1320 0
638 1294 676 1328 era,
685 1283 727 1330 ipse
736 1283 787 1318 inter
794 1283 838 1318 feli-

1 1333 4 1361 J
47 1331 182 1367 eioresessem.
205 1329 300 1374 Acnunc,
309 1329 376 1365 nisite
385 1328 458 1376 decipit
467 1329 515 1365 haec
523 1340 607 1376 paupere
629 1328 838 1372 amearestis,dictis

46 1376 92 1412 meis
107 1387 146 1411 non
159 1373 243 1411 diffidas,
268 1375 315 1411 Cum
330 1374 377 1411 olim
391 1373 412 1409 in
424 1386 496 1423 magna
509 1374 602 1417 bonorum
616 1374 736 1411 abundantia
746 1385 838 1420 versarer,

2 1444 5 1457 2
47 1421 106 1457 multa
113 1424 154 1456 tum
162 1421 199 1456 diis
206 1421 334 1466 immolabam,
343 1423 385 1456 tum
394 1420 461 1468 egenis
470 1420 576 1467 largiebar:
586 1423 673 1457 attamen
681 1420 726 1455 dum
734 1432 766 1456 oro
775 1432 798 1456 ae
806 1420 838 1466 pie

0 1480 5 1498 ÷;
46 1466 170 1510 vivo,fatum
181 1479 221 1503 non
231 1466 286 1514 potui
297 1466 390 1514 effugere.
414 1466 440 1501 Et
452 1477 489 1514 ego
501 1466 550 1502 dixi:
568 1466 666 1509 Quaenam
678 1468 793 1512 srmt,quae
801 1466 838 1502 tibi

2 1544 4 1551 2
46 1511 180 1561 contigerrmt‘?
197 1512 235 1548 isse
248 1524 293 1549 vero
307 1511 413 1559 respondit.
437 1511 481 1549 Non
494 1524 574 1549 necesse
587 1515 617 1548 est
630 1524 682 1548 nnnc
697 1511 770 1547 dicere:
788 1511 838 1548 forte

0 1562 4 1603 ξ
46 1562 107 1594 autem
121 1558 142 1593 in
154 1558 193 1594 fine
205 1558 282 1603 audies,
298 1558 385 1605 quisnam
397 1568 434 1605 ego
446 1569 489 1594 cum
501 1569 563 1594 essem
575 1561 629 1595 etex
642 1558 711 1604 quibus
723 1561 775 1594 ortus
787 1561 807 1594 et
817 1558 838 1593 in

2 1631 4 1648 a
46 1604 110 1650 quales
122 1604 234 1640 incurrerim
244 1604 297 1640 vitae
306 1604 433 1640 calamitates.
459 1603 498 1640 Sed
506 1615 563 1648 nunc,
572 1604 637 1640 omnia
645 1602 716 1640 subiici
725 1603 837 1648 Geniturae,

2 1674 4 1676 v
46 1650 88 1685 rolo
96 1649 134 1686 tibi
142 1661 184 1686 esse
192 1650 364 1697 persuasissimum.

2 1744 3 1747 ,
90 1705 161 1742 CXIII.
184 1706 226 1753 Ego
236 1705 284 1741 dixi:
298 1704 319 1742 Si
328 1705 401 1741 Genesi
410 1709 479 1741 cuncta
488 1705 579 1750 subsrmt,
587 1704 662 1751 hocque
671 1706 699 1741 ita
708 1716 750 1741 esse
759 1717 837 1751 persua-

46 1763 85 1786 sum
92 1750 160 1797 habes,
168 1755 232 1787 tecum
240 1751 348 1798 pugnantia
357 1751 432 1798 cogitas
441 1754 461 1786 et
469 1751 559 1786 consulis.
579 1750 657 1786 Etenim
666 1751 683 1786 si
692 1754 758 1786 eontra
765 1751 838 1788 Natale

0 1827 2 1830 ⁴
45 1808 68 1832 ne
76 1798 148 1833 sentire
157 1796 234 1843 quidem
242 1808 352 1842 possumus,
366 1808 398 1832 cur
406 1796 477 1832 frustra
486 1796 561 1832 laboras
570 1796 592 1831 id
599 1795 643 1832 fieri
652 1795 776 1842 consulendo,
787 1798 838 1843 quod

45 1853 86 1878 esse
97 1841 178 1889 nequit?
191 1841 301 1885 Quinetiam
313 1842 330 1877 si
340 1841 439 1879 Nativitas
451 1842 550 1886 subsistit,
563 1841 604 1877 noli
615 1842 636 1877 in
645 1852 667 1877 eo
675 1853 746 1878 navare
755 1854 838 1889 operam,

44 1891 65 1922 ut
72 1889 188 1934 persuadeas
200 1887 257 1933 mihi,
272 1898 296 1923 ne
308 1888 370 1923 colam
382 1891 476 1923 astrorum
484 1887 543 1923 etiarn
550 1886 664 1932 Dominum,
672 1888 723 1934 quia
735 1889 772 1924 etsi
780 1888 839 1924 velim

0 1933 1 1936 ’
45 1945 82 1968 non
89 1933 132 1969 fieri
140 1932 221 1980 aliquid,
230 1932 273 1969 fieri
280 1933 354 1980 nequit.
368 1932 446 1980 Semper
455 1933 511 1977 enim,
521 1933 573 1979 quod
581 1933 654 1977 subest,
664 1934 693 1978 ei,
703 1934 754 1978 quod
762 1938 839 1980 praeest

45 1989 67 2014 ac
82 1978 144 2022 ducit,
158 1982 226 2026 pareat
236 1989 317 2016 necesse
330 1978 396 2015 habet.
421 1977 477 2015 Certe
491 1978 578 2015 venerari
592 1990 636 2023 eos,
651 1979 684 2025 qui
699 1979 726 2014 dii
739 1983 839 2026 putantur,

46 2022 118 2061 Genesi
132 2024 242 2061 dominante
259 2024 374 2072 superfluum
388 2028 423 2060 est.
447 2024 515 2071 Neque
530 2024 581 2060 enim
596 2028 673 2071 praeter
687 2025 718 2069 id,
733 2025 784 2071 quod
797 2025 839 2061 fato

45 2070 118 2115 placet,
127 2071 231 2118 quidquam
242 2069 275 2115 fit,
286 2082 349 2118 neque
360 2070 398 2118 ipsi
409 2070 508 2118 quidpiam
516 2070 580 2107 facere
591 2070 681 2117 possunt,
693 2071 726 2116 qui
734 2070 840 2106 universali

47 2114 118 2152 Genesi
127 2128 173 2152 suae
182 2116 221 2151 sint
230 2117 319 2153 subiecti.
344 2115 365 2151 Si
374 2115 457 2152 Genesis
469 2116 544 2161 existit,
557 2119 662 2162 repugnat,
672 2116 692 2150 id
700 2115 752 2161 quod
761 2128 800 2152 non
809 2121 839 2152 est

46 2161 131 2213 primum,
140 2162 242 2209 imperare:
255 2165 289 2198 arrt
298 2161 406 2198 subiectum
415 2173 457 2197 esse
466 2173 505 2198 non
511 2165 587 2209 potest,
596 2173 639 2196 curn
646 2161 762 2208 ingenitum,
770 2165 839 2209 utpote

47 2208 161 2254 ingenitum,
170 2207 220 2243 nihil
227 2207 300 2244 habeat
308 2219 329 2243 se
337 2207 441 2254 antiquius.

89 2263 159 2302 GXIV.
181 2264 236 2300 Haec
248 2276 291 2300 cum
307 2264 358 2299 inter
371 2276 407 2300 nos
418 2264 548 2310 loqueremur,
562 2263 632 2310 ingens
648 2262 726 2300 adstitit
740 2263 840 2300 hominum

45 2309 151 2348 multitudo.
175 2309 267 2356 Tuncque
279 2309 305 2345 ad
313 2321 345 2345 eos
357 2309 463 2356 respiciens
473 2308 524 2343 dixi:
536 2308 579 2355 Ego
589 2320 632 2343 cum
641 2320 711 2356 genere
720 2321 763 2345 meo
772 2311 839 2357 accepi

46 2365 57 2388 a
64 2355 168 2391 maioribus
178 2356 250 2391 cultum
258 2354 303 2399 Dei,
313 2358 333 2390 et
340 2358 465 2401 praeceptum
472 2353 545 2398 habeo,
556 2365 580 2389 ne
589 2354 640 2390 ortui
648 2354 769 2399 adhaeream,
779 2359 839 2391 astro-

45 2398 118 2446 logicae
127 2402 205 2448 inquam
217 2400 341 2448 disciplinae:
355 2400 429 2436 ideireo
442 2400 467 2435 ad
476 2410 517 2434 eam
529 2399 614 2435 animum
621 2411 660 2436 non
668 2400 759 2447 applicui,
782 2400 839 2436 Unde

45 2499 180 2508 5—-

47 2559 76 2595 dr'.
84 2581 107 2587 —
118 2561 137 2609 3)
146 2562 259 2609 [lampades
268 2562 338 2595 adiunxi
346 2572 366 2595 ex
372 2561 426 2594 Hom.
490 2561 531 2605 Gap.
540 2540 594 2594 ehu.
618 2558 636 2605 1)
646 2558 696 2594 οὕτω
706 2561 725 2593 Ο.
737 2579 761 2584 -
771 2560 789 2602 2)
799 2559 839 2601 ἀξι-

44 2607 91 2651 XIV,
99 2609 115 2642 i.
122 2627 146 2634 —-
153 2606 173 2654 4)
182 2605 286 2654 εὐλογήσας
294 2618 326 2641 om.
337 2608 356 2640 Ο.
455 2605 511 2640 οὖσιν
520 2607 541 2639 V.
548 2624 572 2629 —
579 2604 597 2648 3)
606 2603 690 2655 πενηχρά
697 2618 737 2652 μου
746 2617 777 2639 ser.
788 2608 808 2641 0.
816 2627 840 2632 -

79 2666 119 2710 Gap.
136 2666 181 2700 CXI.
213 2663 231 2707 1)
252 2662 342 2712 ὑφηγεῖτο
362 2664 381 2697 0.
403 2682 426 2687 —
454 2649 583 2696 4lds⁴ldeffiiss
590 2652 612 2684 V·

44 2705 63 2753 2)
79 2713 183 2757 περιέργως
201 2712 262 2753 Hem,
283 2710 327 2753 quod
346 2711 427 2753 praestet.
490 2708 530 2752 Gap.
545 2708 607 2740 GXHI.
631 2704 649 2752 1)
662 2704 841 2752 protoasecre-

45 2754 119 2790 Subinde
127 2756 202 2791 κλεπτῶν
211 2753 251 2801 (sic)
261 2757 280 2789 Ο.
288 2774 311 2779 —
322 2753 339 2794 3)
349 2765 425 2789 σκεπει-
455 2751 473 2799 2)
484 2752 605 2832 ipsosque-O.
612 2771 636 2776 —
644 2751 662 2795 3)
672 2750 698 2799 ,nt
708 2756 770 2799 σέβειν
778 2767 810 2789 om.
820 2758 840 2790 0.

45 2796 164 2847 thirsa—4)
174 2802 234 2836 tuom.
244 2803 263 2835 0.
274 2799 323 2847 -5)
333 2798 425 2845 oievdvp.
455 2818 478 2823 —-
505 2797 511 2843 )
527 2797 559 2843 [rr]
573 2799 640 2832 inserui
654 2810 675 2831 ox
686 2800 743 2840 Hom,
758 2802 805 2845 Epit.
818 2820 840 2825 —-

44 2845 79 2880 rur
87 2846 108 2882 δὲ
116 2848 136 2881 Ο.
144 2866 168 2871 -—
176 2844 194 2891 6)
204 2844 227 2891 ἧν
236 2849 256 2879 0.
455 2844 473 2885 5)
482 2845 510 2889 τῷ
518 2846 539 2879 Υ.
548 2864 571 2869 -
581 2842 600 2889 6)
610 2844 673 2889 ἑαυτῷ
681 2846 701 2878 0.
