1827 3065
348 122 535 157 1110111101.
801 110 841 153 113

7 249 9 251 ν
51 232 104 272 bant,
116 226 208 270 illumque
220 222 298 258 dextera
309 221 440 268 prehensarit,
455 223 501 258 item
513 223 624 270 complexus
637 221 672 266 sit,
688 225 746 267 atque
758 220 787 256 ita
800 232 843 256 cum

52 269 198 313 salutationibus
207 268 297 315 congruis
307 267 407 302 dimiserit.
431 266 488 304 Multi
500 273 565 305 autem
577 280 600 304 ex
610 267 649 314 piis
662 269 725 303 secuti
736 270 781 302 sunt
792 278 841 312 eum,

53 326 71 359 et
78 316 212 367 pervenientes
221 313 246 350 ad
254 315 318 350 locum
327 313 391 349 exsilii
398 314 496 360 reperiunt
504 314 524 350 in
532 315 631 351 marmoris
639 313 752 360 lapidicinis
761 312 842 348 Christi-

1 399 3 402 ,
53 377 96 404 anos
106 361 183 399 circiter
189 359 243 395 mille
251 359 283 395 vel
292 362 312 395 et
322 359 396 406 plures,
409 360 442 405 qui
453 360 491 396 iam
503 360 536 396 diu
547 361 589 396 11110
599 362 679 407 propter
689 370 755 394 verum
768 359 841 394 cultum

0 420 1 423 ’
53 409 191 449 detinebantur.
215 405 242 440 Hi
255 416 298 441 cum
311 405 334 441 de
347 405 456 450 patriarcha
469 405 521 452 prius
533 406 650 450 audiissent,
666 405 718 452 quod
732 408 752 440 et
763 404 805 451 ipse
817 405 841 440 ab

51 457 101 495 Urbe
113 452 179 501 pulsus
192 451 247 487 exsul
258 452 283 487 ad
295 462 327 487 eos
340 451 451 495 duceretur,
463 451 551 488 solatium
563 464 602 488 non
613 453 656 488 leve
668 453 761 498 ceperunt
770 462 793 486 ex
802 451 843 486 eius

2 511 10 545 3³
52 504 138 541 adventu.

96 564 203 604 CLXVIII.
227 563 295 611 Itaque
307 564 342 600 ubi
352 564 378 600 ad
385 561 429 600 illos
437 565 500 609 venit,
509 564 533 602 ab
543 577 599 613 opere
607 578 698 603 manuum
707 567 814 609 cessarunt,
824 568 844 601 et

53 615 76 653 ad
85 626 127 649 eum
136 624 178 648 cum
186 610 272 645 lacrimis
285 614 417 655 accesserunt,
426 610 524 656 tactisque
534 613 606 647 sanctis
615 612 656 647 eius
664 612 748 659 pedibus
757 615 777 647 et
785 623 843 657 puras

53 671 117 697 manus
126 655 235 693 deoseulati
247 656 368 692 calamitates
377 656 430 703 ipsos
439 657 548 702 complexas
558 657 660 702 deficiunt,
672 658 747 705 patriae
756 658 843 694 amissio-

53 718 100 749 nem,
109 705 208 739 insuavem
218 701 237 736 in
245 702 308 738 alieno
318 702 359 737 solo
367 702 434 746 vitam,
442 713 505 737 rerum
512 703 663 738 necessariarum
671 704 776 751 penuriam,
784 703 843 750 quod-

1 789 2 792 ,
54 763 87 799 que
99 749 182 786 omnium
194 750 235 783 erat
248 747 392 795 gravissimum,
408 758 469 794 aquae
477 747 538 794 ipsius
546 748 679 795 indigentiam.
704 749 725 785 si
734 749 776 795 quis
786 749 843 793 enim,

1 802 10 826 ἵ
54 796 135 839 aiebant,
143 805 178 840 per
185 796 248 828 totum
257 794 307 829 diem
317 804 373 839 opere
381 805 471 829 mannum
480 796 499 828 et
507 794 573 830 labore
581 798 689 830 maceratns
698 806 759 841 aquae
768 797 844 841 guttam

2 879 4 881 ,
54 843 139 887 exiguam
148 850 221 874 sumere
230 839 319 883 voluerit,
330 850 366 885 quo
375 839 473 874 miseriam
482 850 506 874 er
516 838 633 887 fatigatione
645 843 706 876 ortam
719 839 817 883 sublevet,
826 841 843 875 is

3 892 9 920 ἰ
54 900 89 924 non
97 886 159 923 minus
170 895 226 930 quam
234 896 295 931 usque
304 884 329 920 ad
338 884 401 921 stadia
410 885 493 931 quinque
503 888 522 920 et
531 885 660 931 quadraginta
667 885 766 932 profectus
774 896 844 931 aquam

0 939 6 964 1
54 931 160 980 portaverit..
185 929 214 965 Ob
226 929 275 966 haec
290 929 399 977 patriarcha
412 931 510 977 particeps
524 942 588 967 eorum
603 931 674 966 doloris
687 943 710 967 10
723 930 844 967 lacrimarum

54 979 124 1021 factus,
137 975 183 1012 dein
191 979 211 1011 et
218 975 262 1011 Deo
271 975 339 1023 gratiis
348 976 398 1011 actis
407 980 427 1013 et
436 975 556 1012 sufficienter
564 977 637 1012 animos
646 977 722 1013 illorum
731 976 843 1012 consolatus

5 1035 7 1037 ’
54 1024 96 1060 Nou
103 1023 136 1066 ita,
145 1021 214 1068 inquit,
223 1024 295 1057 temere
304 1025 324 1057 et
333 1021 374 1057 sine
383 1034 442 1058 causa
449 1022 487 1057 huc
495 1033 525 1057 me
533 1022 588 1058 Deus
596 1022 685 1069 permisit
692 1022 770 1068 expelli,
780 1022 815 1057 sed
822 1025 844 1057 nt

0 1097 8 1105 .
56 1073 74 1105 01
82 1068 144 1105 100111
153 1067 189 1102 sim
197 1070 304 1103 vestraunn
309 1068 456 1118 perpessionem
463 1071 483 1103 et
490 1068 598 1114 patientiae
604 1068 686 1103 maxime
693 1079 716 1103 ac
722 1067 844 1103 tolerationis

7 1133 9 1135 ν
57 1115 195 1150 documentum.

99 1181 186 1217 CLXIX.
196 1188 197 1191 ’
207 1180 280 1216 Postea
288 1192 332 1216 vero
341 1181 366 1216 ad
373 1192 441 1227 preces
451 1180 569 1216 convertitur
578 1184 598 1216 et
607 1181 686 1216 cumeis
695 1184 737 1217 orat
745 1180 815 1224 Deum,
823 1184 846 1216 ut

7 1249 9 1251 >
55 1228 92 1262 suis
105 1226 247 1263 confessoribus
260 1227 333 1262 fontem
345 1238 406 1272 aquae
418 1225 502 1273 aperiat,
515 1226 585 1272 quique
597 1227 693 1272 percussit
700 1232 775 1273 petram
783 1226 804 1261 in
814 1226 846 1262 de-

4 1309 9 1316 ,
56 1276 109 1318 serto,
119 1282 137 1308 01
145 1272 241 1307 fluxerunt
249 1283 316 1318 aquae,
325 1272 367 1318 ipse
377 1272 436 1307 etiam
443 1271 470 1307 eis
480 1272 578 1317 copiosam
587 1283 656 1318 aquam
665 1272 781 1318 suppeditet.
796 1271 846 1308 Iam·

1 1325 10 1358 ζ
56 1330 90 1365 que
99 1318 185 1360 omnibus
194 1318 302 1363 precationi
309 1317 446 1353 insistentibus
454 1317 564 1363 patriarcha
569 1317 607 1353 huc
616 1321 674 1363 atque
683 1318 730 1353 illuc
738 1317 846 1363 respiciens

55 1375 123 1416 agnum
130 1364 194 1407 videt,
207 1363 240 1409 qui
252 1364 339 1399 dextrum
349 1363 419 1415 pedem
430 1362 536 1398 attollebat
546 1374 606 1409 eoque
615 1363 671 1408 quasi
679 1363 794 1399 ostendebat
802 1363 846 1398 sub-

0 1416 7 1442 52
55 1412 123 1444 rectum
132 1409 198 1445 solnm.
223 1407 302 1445 Anullo
312 1412 375 1445 autem
384 1409 422 1444 alro
432 1420 493 1455 agnus
501 1408 555 1444 visus
564 1412 600 1444 est.
624 1408 674 1443 Tum
682 1407 792 1455 patriarcha
801 1420 846 1445 con·

55 1454 107 1489 iectis
116 1454 177 1490 001111
189 1454 214 1489 ad
226 1454 291 1490 locum
298 1458 424 1490 monstratum
433 1466 476 1489 cum
487 1453 511 1488 iis
524 1454 557 1500 qui
569 1454 650 1489 aderant
659 1455 736 1490 accedit
745 1457 765 1489 et
773 1453 810 1490 ait:
823 1454 847 1490 Iu
884 1492 886 1495 ,

0 1505 8 1541 ;’;
55 1500 128 1536 nomine
142 1500 214 1535 domini
225 1500 287 1536 nostri
298 1499 344 1535 Iesu
356 1499 428 1535 Christi
442 1499 474 1535 hic
484 1499 542 1543 mihi,
556 1498 604 1544 filii,
617 1499 684 1535 fodite.
709 1499 794 1545 Cumque
806 1503 847 1535 tum

0 1557 8 1591 '3³
55 1544 115 1590 ipsum
126 1546 198 1590 locum,
211 1545 231 1580 in
243 1558 280 1592 quo
293 1557 354 1591 agnus
364 1546 438 1589 stabat,
449 1549 491 1580 tum
503 1545 597 1592 quidquid
608 1545 680 1580 circum
692 1549 733 1581 erat
744 1545 846 1589 fodissent,

0 1594 8 1618 ἲ
55 1591 162 1635 patriarcha
169 1594 245 1637 sumpto
252 1593 327 1627 sarculo
335 1591 405 1636 locum,
415 1602 471 1637 quem
478 1602 540 1636 agnus
547 1590 669 1634 ostendebat,
679 1591 718 1626 levi
725 1594 744 1627 01
751 1590 776 1625 ad
783 1602 847 1636 super-

1 1638 2 1641 ’
56 1635 117 1671 ficiem
123 1637 165 1672 ictu
170 1637 246 1683 pulsat3
255 1636 395 1683 confestimque
402 1640 453 1672 terra
460 1636 532 1671 emittit
540 1636 640 1682 limpidam
646 1647 715 1681 aquam
722 1639 742 1671 et
748 1635 774 1671 ad
779 1635 847 1671 biben-

56 1681 98 1716 dum
106 1694 192 1727 suavem,
206 1686 264 1728 atque
273 1694 296 1718 ea
305 1694 348 1718 cum
356 1682 429 1729 impetu
438 1681 501 1717 effusa
509 1681 580 1717 flumen
587 1681 710 1727 repentinum
719 1680 786 1716 efficit.
799 1679 846 1716 Uni-

55 1728 113 1763 versis
122 1739 168 1775 ergo
180 1739 241 1773 aquae
254 1739 312 1763 causa
325 1727 455 1774 gaudentibus
466 1726 576 1773 patriarcha
589 1726 648 1761 dixit:
664 1727 758 1762 fiinmiaic
768 1727 847 1775 impetat

59 1773 159 1818 laetificant
168 1774 259 1808 civitatem
267 1774 310 1808 Dei.
363 1792 365 1796 >

100 1840 177 1876 CLXX.
202 1839 253 1876 Hinc
269 1843 311 1875 tota
323 1840 348 1876 ad
364 1849 407 1875 eum
424 1839 534 1875 confluebat
549 1840 629 1884 civitas,
645 1843 664 1875 et
683 1840 777 1887 spiritalis
794 1840 848 1876 illius

58 1884 153 1921 doctrinae
163 1885 265 1921 dulcedine
274 1886 299 1921 ad
307 1897 372 1921 veram
379 1885 438 1921 fidem
447 1889 527 1929 cunctos
538 1885 661 1933 impellebat,
674 1890 696 1920 ut
707 1889 727 1921 et
738 1886 795 1921 multi
804 1898 848 1939 qup-

0 1951 3 1971 2
56 1930 103 1967 tidie
110 1931 261 1977 baptizarentrn,
270 1942 398 1977 numerusque
410 1931 436 1966 ad
448 1931 565 1978 quingentos
576 1931 686 1977 pervenerit
695 1943 717 1967 ac
725 1943 771 1966 vera
778 1931 849 1979 religio

57 1975 75 2010 11
87 1976 127 2012 dies
144 1980 222 2023 caperet
238 1976 382 2012 incrementum.
406 1977 496 2013 Nondum
510 1976 597 2023 profecto
614 1988 675 2011 annus
690 1977 711 2011 11
725 1977 793 2012 exsilio
808 1981 849 2013 erat

57 2031 143 2057 emensus
158 2034 181 2058 ac
196 2023 321 2068 praeteritus,
336 2025 356 2057 et
373 2021 500 2058 aedificantur
514 2022 592 2069 quidem
603 2021 627 2057 ab
642 2021 666 2056 iis
693 2022 713 2056 ui
727 2022 849 2058 crediderant

57 2066 149 2103 ecciesiae
162 2079 240 2103 numero
253 2068 337 2115 quinque
354 2070 374 2103 et
390 2068 523 2115 septuaginta,
536 2067 668 2112 idolorumque
681 2033 726 2103 iana
740 2071 760 2103 et
776 2068 849 2114 templa

4 2155 5 2158 Ἴ
57 2116 176 2158 evertuntur,
189 2114 252 2160 iisque
261 2114 335 2149 adsitos
344 2114 398 2149 lucos
406 2114 487 2149 11111111
495 2117 558 2149 terrae
567 2115 684 2159 occupantes
693 2113 745 2159 ignis
754 2113 848 2159 depascit,

60 2159 116 2203 atque
124 2159 214 2195 universa
221 2159 348 2206 prosternitur
357 2159 471 2195 daemonum
479 2159 560 2195 insania.
749 2169 751 2171 ·

102 2225 189 2263 CLXXI.
214 2227 269 2263 Tunc
279 2239 324 2274 ergo
336 2227 443 2264 invidiosus
453 2231 472 2263 01
481 2227 545 2275 gravis
553 2237 616 2261 rumor
628 2225 653 2262 ad
661 2225 785 2273 Imperatoris
794 2237 849 2263 11101

1 2290 3 2292 -
57 2272 142 2314 pervenit
154 2273 249 2318 10101011,
262 2273 414 2309 Christianorum
427 2277 499 2309 sectam
510 2272 531 2308 in
541 2272 632 2308 maiorem
644 2272 789 2308 multitudinem
801 2283 850 2310 cres-

59 2375 190 2385 Ἀ

58 2438 74 2484 4)
85 2446 115 2478 καὶ
127 2445 194 2492 διαρκῆ
206 2458 226 2480 τε
238 2448 256 2481 C.
268 2466 292 2471 —
302 2445 320 2490 5)
333 2446 438 2493 δισχιλίους
467 2448 527 2494 ρέχεις
534 2450 555 2490 D,
563 2448 641 2494 παρέχει
648 2447 677 2480 BC
683 2448 729 2489 vulg.
736 2466 757 2470 -
766 2445 783 2489 3)
791 2447 850 2482 ἑστῶ-

59 2488 190 2536 1101101111.
200 2493 235 2525 Cot.
314 2499 315 2502 ’
467 2493 548 2527 10111101,
556 2494 600 2527 BCD
610 2496 626 2526 et
635 2493 657 2525 11.
667 2503 693 2536 ap.
704 2493 740 2525 Cot.
752 2511 775 2515 —
785 2489 803 2534 4)
813 2494 851 2528 τῶν

91 2557 238 2603 Cwfflfflffss¹
259 2558 278 2606 1)
293 2557 355 2595 τόπου
372 2572 388 2604 p.
404 2560 438 2594 τοῦ
467 2534 851 2585 11110)νὸἆμ11ὸς111.1).-5)τὸνο11.

468 2585 489 2616 al.
508 2594 534 2627 ap.
551 2585 588 2617 Cot.
609 2602 632 2606 —
653 2580 671 2626 b)
691 2586 773 2627 oarvqlov
790 2584 808 2617 C.
828 2604 852 2610 -

58 2597 118 2637 κόπου
127 2605 144 2638 C.
152 2624 176 2629 —
187 2604 205 2650 2)
214 2602 237 2640 riu
246 2618 278 2639 om.
287 2609 306 2639 B.
318 2625 341 2629 -
352 2602 370 2650 3)
383 2616 438 2640 0111-
469 2625 573 2676 Ὀγάθρώον
581 2630 602 2661 D·
610 2647 634 2652 —
641 2625 659 2672 8)
669 2627 734 2670 ΡΜὸ,
743 2626 759 2661 5,

56 2643 142 2692 χώρησεν
151 2649 161 2684 ὁ
170 2649 256 2690 ,911ςὶ11.
266 2653 316 2685 BCD.

1 2714 3 2756 ᾗ
60 2754 69 2766 Ρ
93 2716 132 2762 Cap.
142 2719 219 2753 CLXIX.
240 2719 257 2761 l)
270 2718 438 2753 Cfr.Num,20.Ps.
503 2720 542 2764 Cap.
552 2720 620 2753 CLXX.
641 2716 852 2763 1)ὑπὸτῶνπισῑευ·

0 2774 3 2802 ζ
62 2754 85 2792 17.
97 2780 116 2786 -
126 2761 145 2809 2)
155 2765 183 2797 Sic
192 2765 253 2809 scripsi
261 2778 281 2799 ex
290 2766 391 2808 coniectura,
402 2777 439 2799 πα·
469 2761 584 2800 11111111,
594 2765 611 2798 C.
621 2784 642 2788 -
652 2761 770 2812 2111101111).

704 2869 712 2894 ὃ
