1827 3065
223 143 254 175 nn
263 142 396 176 ennurnnrrs
404 143 458 176 corr.
469 143 532 181 euin
540 144 592 175 nnn.
600 142 721 176 norimus.
827 132 868 174 261

81 243 182 289 scriptura:
196 240 240 277 cidi
252 263 275 268 -
288 254 339 292 προσ
356 247 408 291 ε’ρων.
424 264 447 269 —
463 242 506 279 Vc
518 242 594 279 offendo
608 241 698 289 equidem
710 241 731 277 in
743 242 802 278 verbo
816 245 870 279 ἰᾶται.

79 287 228 334 Exspectabam:
248 286 307 330 σώζει,
348 288 383 324 ieri
396 291 462 324 tamen
473 292 547 335 potest,
562 293 584 324 ut
599 289 692 335 scripturn
706 286 774 323 fuerit:
792 287 836 329 τοὺς
850 290 871 325 di

80 336 193 384 λγνοοῦντιις
201 332 241 369 οὔκ
253 336 287 376 (sc.
296 333 362 379 σιόζειλ,
374 337 432 379 atque
444 334 533 370 librarius
545 336 597 382 quis,
610 336 641 370 cui
653 333 727 380 aliquid
738 333 806 369 deesse
818 333 871 369 vide—

79 385 137 424 retur,
148 389 248 436 perperam
260 377 357 413 addiderit
368 380 447 415 verbum
459 382 514 416 ἲῦται.
526 402 549 407 -
565 380 584 417 V
594 381 616 415 11
629 379 752 416 scribendum
763 382 803 414 est:
815 383 871 416 ιιολιι-

81 428 147 471 σθῆναι
161 426 189 472 ἐφ
209 424 236 461 ὡν
247 426 323 471 ἔπραξε,
336 423 370 459 cir.
381 436 399 460 τ.
408 425 435 459 13.
446 446 469 451 -
482 425 505 460 V.
515 427 537 461 12
547 431 592 472 post
603 429 668 464 ἔπειτα
679 424 783 461 inserenda
793 424 872 461 videtur

79 468 173 521 particula
182 471 210 506 δὲ,
222 491 245 495 —
258 468 281 506 V.
290 469 313 504 14
321 480 361 515 sqq.
374 480 422 515 quae
433 469 524 516 leguntur
534 472 593 507 verba
604 472 706 508 admodum
714 474 804 518 corrupta
812 470 830 506 si
840 470 870 506 fas

80 518 105 554 sit
112 518 196 559 tentare,
207 526 243 562 ego
252 514 371 561 scripserim:
384 519 429 555 ἴσως
441 517 462 552 dt
470 514 481 560 ἢ
490 519 522 562 τῆς
530 517 622 564 εὐσεβείας
630 517 724 566 ὑπερβολῇ
733 516 744 563 ἢ
752 522 783 553 κοὶ
791 519 825 562 τῆς
833 520 871 553 ias-

81 567 120 602 σίος
135 562 167 606 (so.
183 560 284 611 ὑπερβολῇ)
299 564 330 596 καὶ
345 563 379 597 τοῦ
390 563 507 606 κολασθῆναι
519 561 668 608 ἀπολυθήσεται,
683 557 823 612 συγγνώμην
838 564 871 608 της

81 609 170 658 ἁμαρτίας
177 606 225 655 μετὰ
234 607 266 652 τῆς
274 610 374 654 μετανοίας
387 607 516 647 δεδωκυίας
527 609 552 652 τῆ
557 623 566 647 ς
575 610 642 655 ἁγνοί
644 623 673 649 ας,
697 608 807 645 Postremus
816 609 870 655 geni*

80 658 128 691 tivos
136 651 247 696 absolutos,
260 662 307 697 quos
320 653 399 695 vocant,
414 662 457 687 esse
470 655 539 687 statuo.
566 652 669 689 Dunckero
681 653 701 689 in
712 657 795 690 mentem
809 653 870 697 venit,

79 710 111 749 pro
119 698 210 744 ἄιεορτίσς
218 696 340 732 scribendum
348 708 400 733 esse:
415 697 455 743 τὴν
463 702 545 734 αἰτίαν,

140 743 200 788 .81,3
212 742 279 778 nescio
291 754 316 777 an
329 742 459 788 reponendum
474 743 500 778 sit
512 743 602 789 περιττὸν
617 754 640 779 ex
657 755 717 790 marg.
729 744 771 780 cod.
784 743 804 780 C.
812 744 869 781 Certe

80 793 169 839 πέμπτον
181 788 234 823 nulio
245 791 303 834 pacto
314 788 392 824 videtur
402 787 449 824 ferri
460 799 523 835 neque
534 788 572 824 alio
581 799 618 835 quo
626 788 683 824 modo
691 788 820 836 probabiliore
829 802 869 826 cor-

79 835 115 882 rigi
123 845 186 881 posse.
197 855 220 860 —
232 833 255 871 V.
265 835 286 869 13
295 833 417 870 scribendum
425 833 501 870 videtur
509 836 535 879 τη
540 850 549 875 ς
555 845 589 881 pro
598 835 659 880 αῦτῦς.
667 856 690 861 -
704 834 727 871 V.
736 835 767 870 17:
781 839 821 872 τοῦ
829 837 871 876 ἑνὸς

80 886 108 919 καὶ
118 879 180 928 μόνου
191 881 243 916 θεοῦ,
255 901 278 905 -
292 878 315 915 V.
324 880 347 915 18
356 891 392 927 ego
405 879 482 926 quidem
493 879 545 915 haud
555 891 613 927 aegre
622 880 690 916 carebo
698 891 746 916 voce
754 881 869 930 ἀνθρώπων,

80 937 132 1007 quael:J
140 935 196 971 quam
207 924 267 960 facile
279 936 302 960 ex
309 937 326 960 v.
336 925 358 962 15
372 927 393 961 in
404 925 455 961 hunc
467 937 542 961 uersum
553 925 653 961 transferri
664 926 758 972 potuerit,
773 927 870 963 neminem

81 974 118 1008 late
133 971 154 1005 it.

123 1016 144 1051 P.
153 1016 182 1060 82,
191 1015 213 1050 12
222 1026 249 1061 sq.
259 1015 363 1051 secundum
373 1016 414 1052 cod.
424 1015 445 1052 Ο..
455 1016 576 1052 scribendum
585 1020 623 1052 est:
636 1038 659 1043 -
671 1017 718 1053 κατὰ
730 1019 762 1062 τῆς
773 1021 808 1054 τοῦ
821 1020 870 1056 Θεοῦ

80 1064 262 1112 μοναρχίαςτολμῦν
270 1065 340 1103 θέλων,
353 1061 422 1103 πολλὰς
429 1084 453 1089 —-
461 1062 525 1110 φωνὰς
534 1065 616 1109 ἐνεγκεῖν
627 1065 682 1108 ἔχει,
695 1062 724 1099 ὅτι
735 1066 780 1098 cett.
804 1063 869 1099 Verbo

82 1111 130 1155 ἔχειν
137 1107 170 1142 bic
179 1106 260 1152 scriptor
269 1106 358 1142 similiter
365 1119 410 1142 usus
419 1111 449 1143 est
458 1107 516 1143 etiam
524 1119 541 1142 v.
551 1109 573 1143 14
581 1110 601 1143 et
608 1119 626 1142 v.
637 1109 663 1143 11.

124 1153 145 1188 P.
154 1152 183 1196 83,
192 1152 203 1186 2
211 1152 342 1198 reponendum
350 1156 389 1188 est:
402 1152 460 1202 εῦρη.

124 1198 145 1234 Ρ.
154 1197 230 1239 814111
237 1197 311 1233 verbis:
325 1199 386 1243 πόθ-η,
399 1192 479 1239 τόπους,
493 1196 557 1245 ὅρους,
570 1200 615 1243 post
627 1197 743 1233 vocabulum
755 1198 827 1239 τόπους
840 1211 870 1234 ex-

81 1244 159 1281 cidisse:
172 1246 329 1293 ἐμπροθίσμους,
343 1244 435 1291 τρόπους,
454 1242 541 1278 ostendit
553 1242 618 1287 iocus,
632 1242 665 1289 qui
679 1246 709 1279 est
719 1255 738 1290 p.
746 1244 775 1286 85,
787 1244 798 1279 3
809 1255 837 1291 sq.
848 1266 872 1271 —

81 1291 103 1327 V.
112 1288 243 1334 9recipieuda
252 1291 281 1324 est
290 1287 368 1324 Davisii
377 1288 494 1325 emendatio:
507 1288 626 1334 πνευμόνων.

124 1335 145 1370 P.
157 1335 208 1379 85,3
223 1333 271 1370 baec
287 1334 340 1370 edita
351 1336 449 1382 leguntur:
467 1333 583 1381 ἐπιστόμενο
598 1333 716 1380 τεθαρρηκὼς
730 1337 832 1377 ἐξετίθετο,
847 1336 871 1376 ὥς

82 1384 191 1430 προίλεγον,
207 1382 278 1426 σοηιῦς,
296 1380 360 1426 πιΞθ-η,
376 1379 452 1420 τόπους.
476 1378 503 1414 At
514 1380 595 1432 primum
610 1379 687 1426 quidem
700 1391 734 1426 pro
749 1380 871 1428 ἐπιστάμεναι,

81 1438 129 1473 quae
138 1425 179 1461 cod.
188 1423 209 1460 Ο.
219 1425 312 1471 scriptura
320 1429 409 1471 corrupta
418 1428 453 1468 est,
461 1424 574 1471 recipienda
584 1429 625 1461 erat
633 1425 675 1461 cod.
684 1423 704 1459 C.
713 1425 782 1461 lectio:
792 1426 871 1463 ιῑπιστό-

81 1486 142 1518 μενος.
161 1470 238 1506 Deinde
247 1470 298 1516 quod
305 1472 422 1506 recentiores
431 1470 524 1515 editores,
533 1470 615 1506 Davisio
624 1470 722 1515 obsecuti,
730 1482 765 1517 pro
773 1471 872 1518 utriusque

81 1517 152 1553 codicis
166 1516 260 1562 scriptura
272 1520 373 1564 προέλεγεν
387 1516 514 1563 scripserunt:
527 1520 638 1564 προέλεγον,
651 1516 702 1552 male
713 1519 744 1552 est
755 1515 839 1561 iactum,
852 1517 872 1552 id

81 1563 130 1609 quod
137 1563 178 1608 jam
187 1573 210 1597 ex
222 1572 245 1597 eo
258 1565 346 1607 apparet,
360 1562 412 1608 quod
425 1565 525 1610 προλέγειν
537 1561 624 1608 proiecto
636 1574 675 1598 non
687 1560 786 1608 significat
798 1566 872 1606 „antea

82 1609 167 1654 djcere“,
178 1607 220 1643 sed:
230 1606 308 1651 „futura
315 1608 448 1654 praedicere“,
458 1606 491 1642 cir.
499 1619 516 1641 v.
524 1607 537 1642 4
545 1618 572 1653 sq.
589 1607 642 1651 Jam,
652 1619 710 1654 quum
718 1607 760 1643 cod.
770 1606 785 1642 O
794 1607 871 1643 offerat:

83 1655 108 1690 ὠν
117 1656 228 1702 προέλεγεν,
240 1653 267 1696 ei,
281 1653 313 1698 qui
322 1654 460 1699 comparaverit
468 1651 528 1689 verba
536 1652 635 1688 simillima
642 1652 708 1699 paulic
718 1664 784 1698 supra,
796 1665 815 1699 p.
823 1654 852 1697 84,
860 1653 871 1688 3

81 1699 153 1745 posita:
166 1697 203 1736 Διὸ
213 1698 354 1746 τεθαρρηκότως
362 1702 455 1739 ἐξετίθετο
467 1701 510 1743 περὶ
524 1700 562 1734 τῶν
571 1697 679 1745 μελλόντων
691 1699 776 1739 ἔσεσθαι,
790 1702 838 1744 λέγω
850 1701 872 1735 δὲ

82 1744 139 1791 πάθη,
148 1743 219 1785 τόπους
227 1748 278 1788 cett,
289 1748 438 1779 consentaneum
444 1742 542 1778 videbitur
550 1754 599 1787 esse,
608 1742 645 1779 hoe
653 1743 696 1779 loco
703 1743 795 1790 scriptum
800 1743 871 1780 firisse:

82 1792 173 1831 ἐξετίθετο
187 1794 238 1835 περὶ
251 1790 277 1826 ὡν
289 1792 395 1836 προέλεγεν.
419 1788 472 1830 Quae
482 1789 561 1824 sirecte
571 1791 615 1823 sunt
628 1788 736 1835 disputata,
748 1800 829 1824 necesse
842 1793 872 1825 est

81 1835 101 1871 in
112 1834 214 1882 postremis
227 1833 291 1870 verbis
302 1834 366 1880 inesse
379 1834 469 1870 mendum
481 1845 582 1869 sumamus.
608 1832 657 1869 Sunt
669 1845 692 1870 ea
706 1833 734 1869 sio
745 1834 871 1878 restitucnda,

81 1885 102 1916 ut
112 1884 146 1917 aut
157 1891 190 1926 pro
203 1883 268 1926 οιιιμῴς
280 1880 385 1916 scribatur:
401 1884 541 1928 σαφηνίζον,
554 1883 588 1915 aut
598 1882 643 1926 post
656 1879 824 1929 σοηῶςίοεουολοο
832 1891 873 1916 vcr-

82 1927 126 1962 bum
133 1926 180 1969 tale,
189 1927 246 1971 quale
255 1929 285 1960 est
293 1927 372 1971 δηλῶν,
390 1924 422 1961 Sic
429 1925 499 1961 verba:
509 1924 561 1971 πάθη
570 1929 615 1961 cett.
623 1924 703 1970 hubent,
711 1925 763 1961 unde
768 1925 872 2005 pendeant.

82 1993 104 1998 —
113 1972 157 2009 Vs
169 1971 290 2007 scribendum
302 1982 354 2007 esse:
368 1971 377 2008 ό
381 1974 415 2019 μιῦ
418 1986 434 2015 ς,
446 1970 562 2006 Dunckerus
574 1974 645 2007 monet.
668 1970 713 2007 dam
724 1969 772 2006 Cote
782 1972 832 2007 erius
844 1972 872 2006 in-

82 2020 198 2064 terpretatus
208 2021 257 2052 erat:
270 2017 373 2063 ‚‚pariter“.

127 2063 184 2107 Ρ.86,
194 2064 203 2097 1
215 2073 255 2109 sqq.
268 2064 289 2098 in
300 2062 373 2098 verbis:
393 2064 441 2101 Θεοῦ
453 2065 488 2099 τοῦ
500 2061 523 2098 ric
534 2061 597 2098 πάντα
608 2061 734 2106 πεποιηκότος
747 2061 768 2097 τὸ
780 2065 829 2109 μέγα
841 2066 873 2098 καὶ

82 2107 136 2155 ιῖγιον
147 2111 180 2153 τῆς
189 2107 315 2155 προγνώσεως
328 2108 387 2144 αὐτοῦ
399 2111 475 2156 πνεῦμα
488 2111 504 2144 εἰ
514 2107 541 2156 μὴ
551 2110 577 2155 τῷ
586 2107 624 2144 ὑπὸ
629 2110 700 2155 χειρῶν
709 2106 768 2143 αὐτοῦ
775 2122 871 2155 κυοφορη-

83 2158 136 2191 θίντι
144 2154 241 2203 ἀνθρώπῳ
250 2154 289 2201 θηλη
298 2169 326 2195 τις
332 2157 436 2200 ἐσχηκέναι,
449 2156 503 2196 cett,
517 2153 562 2188 ferri
570 2164 608 2188 non
615 2163 673 2198 posse
681 2151 797 2187 vocabulum
808 2153 871 2195 αὐτοῦ,

84 2199 133 2244 quod
142 2202 225 2236 estante
234 2202 318 2247 πνεῦμα,
330 2203 403 2235 certiun
410 2199 492 2234 videtur.
516 2198 634 2233 Posueratne
643 2197 734 2244 scriptor:
746 2218 769 2224 —-
781 2201 813 2243 τῆς
823 2212 873 2246 προ,

83 2245 169 2291 γνώσεως
177 2248 252 2294 πνεῦμα
261 2250 277 2281 εἰ
284 2244 310 2295 μὴ
322 2244 382 2290 αὐτῷ
390 2246 417 2291 τῷ
425 2244 514 2286 cett.?—
521 2243 545 2279 V.
554 2243 565 2278 6
576 2242 699 2279 scribendum
708 2246 746 2278 est:
759 2244 872 2294 ἀπατηθῇ.

84 2310 105 2315 κ
117 2289 141 2327 V.
150 2290 172 2327 16
182 2291 247 2326 variae
259 2290 353 2326 lectiones
366 2291 410 2331 τοὺς
419 2289 507 2334 ιἰληθ-ιίος
518 2291 537 2324 et
550 2291 583 2334 της
593 2288 621 2326 aa
633 2300 655 2324 eo
665 2288 734 2324 ducere
743 2288 840 2335 videntur,
851 2293 873 2328 ut

85 2335 175 2382 scripturn
183 2336 243 2372 fuisse
252 2336 392 2372 existimemus:
402 2335 446 2375 τοὺς
454 2337 486 2380 τῆς
494 2335 520 2370 ἄλ,

129 2381 150 2416 Ρ.
159 2382 187 2425 88,
197 2381 208 2416 6
216 2393 257 2427 sqq.
265 2381 313 2417 haec
321 2380 442 2427 reperiuntur
450 2380 518 2415 verba:
528 2379 560 2417 ἒιίν
567 2383 594 2425 tq}
600 2379 640 2416 ὑπὸ
646 2382 717 2429 χειρῶν
726 2382 773 2418 Θεοῦ
779 2393 873 2427 κυοφορη

84 2430 137 2464 θέντι
151 2427 247 2474 ἀνθρώπῳ
261 2427 283 2463 τό
295 2426 350 2474 ι’ἔγιον
362 2427 449 2475 Χριστοῦ
460 2425 487 2473 μὴ
500 2428 529 2471 δῷ
542 2441 571 2467 τις
582 2427 633 2472 ἔχειν
644 2429 725 2474 πνεῦμα.
748 2424 873 2461 Nullumdum

85 2471 188 2508 offendisse
196 2474 217 2508 in
223 2472 318 2508 vocabulo
328 2473 419 2518 Χριστοῦ,
428 2475 459 2506 est
467 2471 518 2517 quod
526 2471 606 2507 mireris.
630 2469 768 2518 Reponeridum
777 2473 815 2504 est:
826 2475 874 2506 κτλ-

86 2528 150 2561 οτου,
158 2518 176 2552 h.
186 2530 202 2554 e.
213 2521 261 2557 Θεοῦ
269 2521 303 2554 τοῦ
311 2523 410 2558 κτίσαντος
418 2516 484 2560 αὐτόν,
493 2521 515 2552 ut
523 2516 572 2564 ipsis
580 2520 624 2552 utar
631 2517 688 2564 hujus
697 2515 795 2562 scriptoris
801 2515 874 2560 verbis,

85 2573 102 2606 p.
110 2564 138 2609 89,
146 2564 157 2599 3
165 2564 240 2611 positis.
248 2585 271 2590 ω
278 2563 302 2600 V.
311 2564 321 2598 9
330 2574 371 2609 sqq.
380 2562 454 2598 editum
463 2565 501 2599 est:
515 2563 547 2600 ἰὰν
554 2565 611 2610 ἑτέρῳ
618 2565 653 2610 μὲν
659 2561 686 2611 μὴ
694 2559 732 2608 δῴη
739 2562 793 2618 ἔχειν,
802 2562 875 2599 ἐκεῖνον

86 2608 106 2643 di
114 2609 175 2657 μόνον
184 2611 233 2657 ἔχειν
239 2613 295 2658 λέγοι,
305 2608 327 2649 ὃς
333 2609 365 2645 dn'
373 2608 431 2658 ἀρχῆς
439 2611 507 2650 αἰῶνος
515 2608 553 2658 ἅμα
562 2614 601 2649 τοῖς
608 2606 686 2656 ὀνόμασι
693 2621 770 2655 ,noviper
776 2606 874 2644 ἆλλόσθίον

86 2652 119 2689 τὸν
130 2658 188 2692 <aava
200 2659 269 2703 τρέχει,
282 2658 327 2691 cett.
352 2653 413 2697 erum
424 2654 536 2701 praesertim
550 2654 590 2690 cod.
600 2653 620 2688 Ο.
628 2664 662 2699 pro
675 2652 717 2702 θῴη
725 2652 828 2697 praebeat:
840 2654 874 2700 δοῖ,

85 2698 164 2744 mireris,
172 2700 293 2737 Dresselium
301 2711 339 2736 non
348 2699 458 2746 scripsisse:
468 2702 497 2748 θηῦ
504 2721 526 2726 —
536 2703 584 2748 λε’γη.
607 2697 688 2733 Omnino
696 2697 758 2736 forma
766 2697 805 2745 θρόη
819 2699 875 2734 corri-

86 2744 149 2789 genda
161 2750 191 2781 est
202 2746 311 2793 ubicrmque
322 2745 420 2781 invenitur
430 2746 481 2792 apud
492 2745 543 2780 hunc
555 2744 674 2789 scriptorem,
688 2754 704 2779 e.
713 2754 741 2789 gr.
750 2755 808 2790 supra
834 2744 875 2788 .44,

86 2789 108 2823 15
116 2793 161 2841 etp.
170 2792 199 2836 86,
208 2792 224 2835 3,
234 2792 303 2838 quibus
312 2792 361 2827 locis
370 2791 492 2827 scribendum
501 2794 539 2827 est:
549 2792 596 2835 θοίη.
612 2788 665 2824 Infi‘a
673 2801 691 2835 p.
699 2789 740 2833 238,
749 2790 766 2834 d,
773 2789 808 2825 ubi
836 2800 875 2824 res-

87 2833 144 2870 sehus
159 2837 264 2873 secundum
278 2838 319 2874 cod.
334 2835 355 2872 Ο.
370 2837 457 2884 scripsit,
474 2836 506 2872 vel
519 2835 583 2882 potius
600 2833 684 2871 scribere
697 2834 875 2881 voluitzodnodqu,
