1827 3065
203 125 233 156 an
243 125 375 159 deruanus
384 126 439 159 nou.
449 126 512 168 cunr
520 126 573 159 rua.
581 124 702 158 norimus.
807 113 850 155 283

103 222 260 267 Ρ,23Ο,18561’.ι
273 222 363 272 ἄρούρᾳ.

103 268 124 303 P.
133 268 172 314 231,
182 270 192 304 2
201 281 246 303 num
255 271 323 306 verba:
333 270 406 318 μάθετε
413 270 451 307 ἀπὸ
461 278 522 309 ποίων
530 273 591 309 καλῶν
600 267 731 321 {traderetque
740 267 851 314 siguificare

58 315 140 364 possint:
153 313 313 360 ‚animadvertite
325 328 336 351 a
348 317 436 362 qualibus
448 317 504 353 bonis
515 329 551 362 per
562 317 642 353 insidias
652 315 746 352 abstracti
755 313 851 360 meritis&

59 361 131 398 dubito.
155 359 225 407 Neque
233 365 297 396 tamen
306 362 420 408 adstipulari
427 375 506 408 possum
515 364 600 409 Davisio,
610 362 725 409 corrigenti:
741 359 779 397 ὑπὸ
788 365 851 397 ποίεον

58 408 118 445 κακῶν
125 404 255 452 essecestram,
265 408 311 453 quia
319 409 419 451 sententia,
429 419 484 454 quam
492 411 519 444 ita
527 411 628 454 lucramur,
634 410 675 454 jam
683 407 736 443 inest
741 407 763 441 in
769 416 851 452 sequen—

58 453 110 489 tibus
118 451 192 487 verbis:
206 451 242 488 ὑπὸ
256 457 307 494 τίνος
315 451 428 499 ἠπατήθητε.
452 453 549 490 Videntur
556 454 605 490 haec
614 455 674 490 verba
683 454 752 490 eodem
761 452 851 487 laborare

58 497 126 534 mendo
135 501 193 544 atque
201 498 268 533 verba:
282 498 307 542 νὴ
319 500 418 546 δυναμένῳ
431 498 548 547 ἀπατηθῆναι
562 501 600 538 ἀπὸ
615 504 650 537 τοῦ
663 503 758 540 δοθέντος
771 498 850 546 ἀγαθοῦ,

59 554 108 590 quae
121 548 166 578 suut
177 555 195 589 p.
204 542 232 583 44,
241 544 258 577 2.
280 532 370 589 lltroque
382 545 426 579 loco
441 556 475 590 pro
488 545 526 582 dud
541 546 664 582 scribendum
678 547 718 591 aJ'o:
731 547 776 582 ἐπί.
800 544 851 580 Nam

59 590 167 627 ἀπατᾶσθαι,
175 589 216 623 sire
225 588 357 636 ἐνεδρεύεσθαι
365 591 400 624 ἰαί
406 604 464 633 τινος,
477 602 516 626 nou
525 590 562 627 ιλττό
571 606 631 634 τινος,
644 603 737 637 usurpare
746 589 821 626 licebat
829 600 852 624 ca

58 633 206 680 significatione,
215 646 253 680 qua
262 646 311 681 opus
320 638 359 670 est:
374 634 450 681 „decipi
459 635 510 671 circa
523 637 614 684 aliquid“.
627 658 646 664 -·
659 636 683 673 V.
694 638 746 683 ὦρτο
755 635 851 673 ἀναλῶσαι

59 681 132 728 δυνηθῇ
140 680 263 715 scribendum
273 680 357 717 ridetur:
366 680 459 717 ἀναλῶσαι
473 680 499 718 ἂν
514 683 630 729 δυνηθείη.
642 704 662 709 —
671 682 695 719 V.
704 682 726 717 12
736 682 850 729 legendum:

62 725 96 763 τὸν
103 724 214 770 ἄνθρωπον.

103 770 124 806 P.
136 770 176 814 232,
188 772 199 806 5
211 770 305 807 Drcsselii
322 773 539 818 conjecturamfannot.
554 773 564 807 2
579 774 683 819 prolatam,
695 773 795 809 ferendam
810 783 849 807 non

59 828 106 859 esse,
116 816 186 852 docent
193 817 259 860 verba,
268 827 317 863 quae
327 822 371 852 sunt
378 829 395 851 r.
405 818 424 852 11
435 830 463 864 sq.
475 838 497 843 —
511 817 534 853 V.
546 818 606 865 esqq.
620 831 669 866 quae
681 820 773 865 leguntur
784 818 849 863 verba,

58 873 81 897 uc
91 861 119 896 sic
128 862 211 908 quidem,
220 868 243 896 ut
250 873 301 897 nunc
310 866 355 897 suut
364 863 421 906 edita,
431 862 476 898 ferri
488 868 574 908 possunt.
597 865 634 900 Pro
650 867 693 901 ἔστε
707 864 767 899 scribi
780 874 848 908 posse:

59 910 114 948 ἐστὶν,
123 912 144 942 ut
153 907 237 952 Divisio,
247 908 273 942 ita
282 908 340 942 etiam
349 907 395 943 mihi
403 908 423 949 in
431 912 515 943 mentem
523 909 581 948 veuit.
594 910 633 945 Sed
641 911 703 956 magis
712 911 770 945 etiam
777 909 849 944 haereo

58 953 77 988 in
86 952 170 988 dictione
179 953 210 989 διὰ
219 955 281 989 τοῦτο,
304 952 335 988 An
344 954 402 990 verba
411 954 439 989 sic
451 955 615 1001 interpungenda:
629 958 663 992 νῦν
675 957 696 991 δὲ
710 953 774 991 πάντα
788 952 849 999 πράτ-

59 1012 106 1039 τετε,
118 998 146 1033 δι’
159 997 170 1035 r‘i
183 997 287 1045 ἅνθρωπος
300 998 376 1047 ἐνθυμεῖ·
394 999 458 1036 αἰιλικία
471 998 506 1049 γὰρ
520 1006 550 1037 καλ
564 1000 638 1048 ἀθυμίαι
652 1006 724 1047 γίνεται
739 1001 771 1036 dra
784 1003 851 1036 τοῦτο·

58 1042 148 1102 ιμονεύετε
158 1049 189 1080 καὶ
200 1045 312 1093 ἀφαιρεῖσθε
327 1044 349 1081 τὰ
360 1044 418 1081 αὐτοῦ
432 1044 491 1080 cett?
508 1045 612 1081 Praeterea
626 1045 703 1081 offendo
719 1046 740 1080 in
753 1045 850 1081 vocabulo

59 1095 111 1138 αμεῖς
119 1089 152 1135 sic,
161 1094 183 1124 ut
190 1101 247 1135 nunc,
255 1090 326 1135 posito.
338 1090 382 1125 Jam
389 1091 409 1125 iu
417 1091 518 1136 Recoguit.
527 1090 550 1133 V,
555 1091 577 1125 23
583 1091 632 1126 haec
640 1091 712 1136 scripta
718 1092 850 1135 reperiuntur:

57 1156 79 1161 —-
87 1146 156 1180 „omne
166 1146 211 1180 ergo
220 1136 272 1182 quod
281 1136 323 1181 ipse
332 1137 371 1180 pati
380 1147 417 1171 uon
427 1136 460 1181 ris,
470 1147 513 1170 cum
521 1136 570 1171 facis
579 1136 618 1178 alii
626 1136 732 1181 imaginem
739 1136 770 1170 dci
778 1136 850 1183 iniquis

58 1180 176 1216 moeroribus
184 1181 259 1216 foedas.
270 1181 377 1227 intelligite
386 1193 439 1227 ergo⁷
448 1181 493 1227 quia
503 1181 583 1216 latentis
591 1181 708 1216 intrinsecus
718 1182 812 1226 serpentis
822 1186 852 1215 est

59 1226 171 1271 sug-gestid‘
181 1229 225 1263 cett.
245 1226 299 1268 Quae
308 1227 395 1274 quamvis
404 1226 554 1273 haudquaquam
562 1227 588 1261 ad
596 1226 673 1261 verbum
682 1226 814 1272 respondeant
821 1226 852 1271 iis,

59 1282 107 1318 quae
117 1271 189 1307 suntin
197 1272 292 1316 Homifiis,
301 1275 366 1307 tannen
374 1273 440 1307 favent
449 1274 475 1315 ei,
486 1271 519 1320 qui
529 1272 628 1317 conjiciat,
639 1275 683 1307 aute
695 1273 769 1320 ἑρπετῷ
776 1270 852 1306 interci-

59 1317 110 1351 disse
118 1318 179 1352 verba
186 1318 239 1362 talia,
249 1318 314 1363 qualia
323 1322 375 1352 sunt:
384 1319 466 1354 ἐννοεῖτε
475 1321 517 1359 σὺν,
528 1315 563 1353 ὅτι.
582 1316 703 1352 Vocabulum
711 1316 765 1365 ὑμεῖς
773 1318 852 1363 conjun-

58 1363 142 1408 gendum
151 1363 187 1397 erit
196 1374 238 1397 cunr
248 1373 362 1408 praegressq
371 1366 441 1399 θέλετε.
449 1382 472 1388 -
485 1361 509 1398 V.
518 1362 540 1397 15
551 1362 683 1408 recipiendam
696 1373 765 1398 censeo
778 1361 851 1398 codicis

59 1408 73 1443 0
84 1409 206 1451 scripturam:
217 1408 303 1458 ἀνῄρητο.
315 1407 354 1443 cn.
365 1420 384 1454 p.
393 1409 432 1453 290,
442 1408 469 1443 15.
482 1428 506 1433 —-
516 1407 539 1443 V.
549 1408 571 1442 17
579 1407 646 1443 forsan
655 1408 785 1444 scribendum:
802 1407 852 1452 πλὴν

58 1454 97 1498 εἰκῆ
106 1453 168 1494 οὕτως
176 1457 192 1490 εἰ
200 1457 265 1491 θέλετε
274 1456 319 1489 cett.
604 1475 608 1481 ·
617 1491 618 1494 Ἴ

102 1499 124 1534 P.
132 1498 172 1543 233,
181 1500 202 1535 17
212 1499 285 1535 codicis
294 1499 310 1535 Ο
320 1499 417 1545 scriptura
423 1498 574 1545 haudquaquam
582 1499 713 1545 praeferenda
722 1501 764 1534 crat
772 1498 851 1534 lectioni

59 1544 131 1579 codicis
144 1543 167 1579 G:
182 1544 204 1582 τὸ
216 1547 252 1592 μὲν
265 1548 315 1590 cett,
328 1555 377 1592 quae
392 1546 528 1592 veroprcpior
541 1548 575 1580 est.
600 1544 727 1580 scribendum
742 1544 802 1580 enim:
817 1546 852 1580 τοῦ

58 1591 93 1638 μὲν
101 1593 146 1625 cett.
159 1611 183 1616 -—
196 1589 220 1626 V.
226 1590 251 1632 ,18
261 1602 289 1637 sq.
296 1602 336 1626 uon
350 1589 438 1634 dubium,
454 1590 499 1635 quin
513 1591 625 1625 Dresselius
638 1601 707 1636 parum
722 1595 767 1635 apte
776 1591 804 1624 sic
813 1589 852 1624 edi—

59 1636 115 1671 derit:
131 1639 159 1682 τῴ
173 1637 195 1673 δὲ
207 1635 267 1676 ὅντως
280 1637 321 1683 Θεῷ
333 1635 382 1684 πρὸς
397 1641 437 1677 ταῖς
448 1636 510 1683 εὐχαῖς
524 1633 618 1684 [ἐχόμενοι
634 1634 707 1683 πολλοὶ]
724 1640 754 1671 καὶ
765 1634 851 1681 Ἓλληνες

58 1679 162 1726 ἐσώθησαν.
186 1680 251 1717 Verba
262 1680 349 1728 ἐχόμενοι
361 1684 429 1717 πολλοὶ
441 1682 465 1716 de
477 1692 511 1716 suo
521 1681 598 1717 addidit
606 1680 635 1715 vir
644 1683 720 1725 doctus,
733 1684 754 1714 ut
762 1681 852 1715 lacunam

58 1727 153 1773 expleret,
168 1739 218 1774 quac
232 1727 294 1762 estin
310 1727 352 1762 cod.
365 1726 387 1762 Ο,
411 1727 455 1763 Non
472 1726 524 1761 male
547 1725 690 1772 Schweglerus:
708 1724 851 1776 προσιόντες

59 1773 125 1818 εὐχαῖς.
149 1771 194 1807 «λαστ
205 1771 275 1819 aliquis
286 1772 400 1807 tentaverit:
408 1793 431 1798 -
442 1772 624 1823 προσελθόντες,
634 1773 712 1819 εὐχαῖς
721 1770 850 1817 προσευξά-

58 1831 134 1867 μενοι,
143 1822 173 1854 ααὶ
183 1822 227 1853 cett.
251 1817 356 1854 Praeterea
365 1818 476 1864 scrupulum
486 1817 575 1863 injiciunt
583 1819 650 1853 verba:
667 1821 698 1854 καλ
708 1817 800 1861 Ἓλληνες.
823 1817 852 1852 Ea

58 1874 96 1898 nou
109 1863 169 1898 fuisse
184 1863 204 1898 in
216 1864 303 1908 exemplo
317 1861 390 1907 Rufini,
404 1867 427 1898 ut
440 1864 540 1899 credamus
555 1864 621 1899 facere
632 1867 698 1909 potest
709 1863 741 1898 hic
749 1862 852 1908 Recognit.

58 1907 81 1952 V,
92 1909 115 1944 25
130 1910 194 1944 locus:
214 1912 246 1954 „et
262 1921 285 1944 ex
301 1908 358 1955 ipsis,
375 1908 409 1962 qui
424 1908 500 1954 impura
513 1908 606 1956 figmenta
621 1913 641 1944 et
654 1909 739 1954 pollutas
758 1909 854 1954 imagines

58 1958 183 1999 venerantur,
197 1954 288 1990 nonnulli
302 1965 390 1990 convers1
402 1955 427 1990 ad
439 1955 505 1999 deum,
520 1959 540 1991 et
554 1959 668 1991 revocantes
681 1966 700 1999 se
713 1966 725 1989 a
736 1955 822 2000 peccatis
835 1958 855 1989 et

59 2004 138 2046 agentes
150 2000 202 2036 bona
210 2012 277 2047 opera,
291 2000 408 2047 perveniunt
416 2001 440 2035 ad
450 2000 550 2037 salutem“.
573 2001 651 2046 Ergone
664 2000 764 2035 retinenda
777 2003 823 2035 sunt
835 2004 854 2034 et

59 2046 87 2081 sic
96 2045 218 2091 accipienda:
231 2045 344 2093 „quamvis“
358 2047 388 2082 vel
400 2046 461 2092 „adeo
469 2046 566 2093 paganae?
589 2046 691 2092 Pagarum
705 2045 803 2091 siguificat
816 2056 854 2080 vox

56 2090 123 2137 Ἕλλην
137 2091 194 2127 etiarn
209 2092 260 2128 infra
275 2104 294 2138 p.
302 2092 342 2137 241,
354 2093 371 2138 6,
384 2096 407 2127 ut
421 2093 499 2138 saepius
513 2092 533 2127 in
546 2103 596 2127 novo
613 2092 745 2126 Testamenta.
768 2090 799 2125 An
817 2102 852 2136 pro

55 2135 141 2182 ’Έλληνες
150 2137 282 2174 scribendum:
291 2140 435 2182 ἐλεηθέντες,
443 2138 531 2183 „veniam
539 2136 616 2172 nacti“?
639 2136 682 2171 Hoc
695 2136 728 2183 qui
735 2136 852 2182 probaverit,

60 2182 76 2217 ei
90 2183 213 2219 statuendum
225 2184 269 2229 erit,
285 2189 318 2218 aut
331 2183 456 2229 participium
472 2182 622 2231 προσεοξιζιιενοι
634 2187 668 2216 aut
682 2182 763 2217 verbum
776 2181 853 2217 linitum

62 2230 193 2278 προσασξαντο
202 2230 277 2273 lacuna,
287 2240 337 2275 quae
344 2230 430 2275 proxime
439 2228 579 2274 antegreditur,
589 2238 632 2263 esse
641 2227 737 2262 haustum.

103 2274 125 2310 P.
134 2274 173 2319 234,
186 2274 196 2309 1
210 2274 295 2310 scribere
307 2278 396 2320 praestat
407 2275 513 2309 secundum
525 2274 612 2309 codicem
627 2271 652 2308 O:
667 2273 703 2309 ἀλλ’
715 2273 737 2309 οὗ
751 2272 785 2319 τὴν
796 2271 855 2319 ἀρχὴν

3 2316 5 2320 ’
59 2323 109 2363 cett,
125 2320 284 2367 interrogationis
300 2322 355 2365 siguo
369 2323 415 2364 post
429 2322 554 2367 ἐνθυμεῖσθαι
567 2318 636 2364 posito.
661 2318 710 2354 Sunt
723 2324 788 2354 autem
805 2318 854 2353 haec

59 2365 118 2401 verba
127 2366 214 2411 aliorum,
222 2377 260 2400 non
268 2364 331 2410 Petr13
345 2365 366 2399 id
376 2365 428 2412 quod
437 2376 529 2410 expresso
538 2364 597 2400 verbo
607 2364 695 2411 „inquit‘
704 2364 826 2410 significatur
834 2364 854 2398 in

59 2409 162 2458 Recognit.
172 2411 183 2447 l.
193 2423 208 2446 e.
231 2411 277 2448 Nou
287 2410 356 2456 liquet,
370 2415 434 2445 utrum
444 2410 505 2445 codex
515 2412 530 2444 ll
539 2410 642 2456 praebeat:
658 2410 696 2446 ἀλλ’
711 2412 733 2447 οὐ
747 2409 814 2459 ἀρχὴν,
829 2421 855 2444 au

60 2456 96 2492 ἀλλ’
108 2458 130 2494 οὐ
142 2457 177 2503 τὴν
187 2456 252 2507 ἀρχὴν.
276 2456 327 2492 Illud
342 2457 456 2491 sumendum
469 2459 530 2501 esset,
543 2456 559 2490 si
572 2456 705 2492 annotationis
716 2458 793 2503 siguum
799 2456 854 2501 justo

60 2500 103 2540 loeo
116 2503 234 2540 collocatum
249 2504 295 2538 esse
304 2505 407 2537 constaret.
431 2502 459 2536 At
472 2501 518 2547 hoc7
534 2503 610 2547 opinor,
625 2501 759 2537 verosimilius.
771 2521 794 2526 -
808 2499 832 2537 V.
844 2501 856 2535 l

2 2555 4 2557 ·
62 2545 180 2596 Schwegleri
188 2549 314 2585 mutationem
323 2547 376 2583 haud
385 2547 432 2582 adeo
442 2551 513 2582 certam
524 2548 660 2594 judicaverim,
672 2551 694 2582 ut
705 2548 724 2582 in
736 2546 856 2592 perpetuita-

61 2596 99 2629 tem
115 2595 218 2630 verborum
232 2597 329 2640 receptam
339 2593 401 2628 velim.
420 2591 513 2628 (lodicum
526 2592 631 2638 scriptura:
650 2592 680 2640 ὑφ’
691 2595 756 2641 ἑτέρου
769 2592 854 2640 ἀνάγκας,

61 2641 122 2721 mugil}
132 2642 216 2721 qppdpat
225 2640 249 2675 ad
259 2638 425 2720 oppositabverba:
434 2640 474 2684 tdtp
482 2643 599 2687 προαιρέσει.
614 2688 621 2719 ἰ
773 2684 791 2721 V
808 2686 819 2721 ὃ

123 2711 147 2721 .,
203 2697 249 2721 vera
257 2686 275 2720 vi
291 2689 333 2721 etur
361 2684 417 2720 avisii
430 2687 551 2720 con'ectura:
567 2686 593 2720 roi
604 2698 612 2720 ε
659 2689 725 2721 είοναι
737 2706 759 2711 κ-
793 2713 797 2721 .
828 2698 837 2720 s
853 2713 857 2720 .

62 2741 111 2775 quae
120 2714 246 2768 sunt'vcrba:
261 2730 291 2768 at
304 2729 346 2767 οὔτε
359 2734 440 2772 τελείους
449 2698 514 2771 debete
526 2688 755 2778 uccgreis1‚biiieifirobg
766 2698 855 2781 ascensii,

63 2787 120 2821 quum
137 2780 219 2823 primurn
236 2777 276 2824 legi
289 2777 317 2813 sic
338 2778 459 2812 emendanda
472 2788 515 2813 csse
532 2777 599 2811 statui:
615 2775 658 2813 οὔτε
671 2778 717 2819 trel:
731 2778 759 2818 οὐ)
774 2781 857 2826 νεφέλη

62 2821 104 2864 τοὺς
113 2822 179 2865 ὑετοὺς
187 2827 231 2860 cett.
245 2824 293 2859 Post
301 2823 346 2868 vidi,
356 2823 444 2859 similiter
450 2824 489 2870 jam
497 2822 596 2858 Davisiurn
606 2823 714 2869 conjecisse
725 2824 857 2860 scribendum:
