1824 3065
90 116 133 159 330
293 125 676 161 r.ivmsnnnmrnnorurromrr.

91 227 196 274 legendum
204 228 267 263 sit:-—
274 226 307 262 οὐκ
314 226 362 266 οἶδα,
371 228 394 266 τί,
402 224 459 266 δόξαν
465 225 517 271 adrui
523 227 603 271 („quum
610 224 692 260 cinisum
698 225 881 275 esset,placuisset“)

93 275 185 311 Φαῦστον
199 272 265 309 ἑαυτὸν
278 275 361 319 εἰπεῖν,
374 269 400 320 μὴ
411 275 522 310 πιστευθεὶς
533 290 555 295 -
568 268 660 318 ὥρμησεν.
684 268 723 305 cfr.
732 281 748 305 e.
760 281 788 316 gr.
801 270 880 311 Lucian,

91 319 168 366 Nigr-in.
179 318 207 353 H:
219 317 282 357 Δόξαν
295 320 329 352 οὐν
339 330 372 364 μοι
386 315 418 351 aa
430 317 503 351 πολλοῦ
511 321 624 361 προσειπεῖν
636 320 729 362 Νιγρῖνον
737 335 768 357 -‚
778 316 838 353 ἕωθεν
847 320 882 359 ἐξικ-

94 364 164 404 ηησῑὰς
175 363 200 403 ὡς
211 362 269 398 αὐτὸν
280 361 377 409 ιὶηικόμην
389 364 434 396 cett.
458 361 539 397 Videtur
551 364 615 396 autem
627 360 738 396 Dresselius
751 364 829 396 secutus
841 375 882 402 esse

93 408 190 452 Rufinum,
196 407 326 453 Recognit.X,
333 407 356 441 153
364 407 392 442 ita
400 406 556 453 interpretatum:
565 409 597 450 „et
603 408 648 452 quia
654 406 702 440 nihil
709 405 738 440 illi
744 406 882 454 respondimus,

93 455 159 490 nescio
175 453 221 499 quid
237 453 255 488 ei
271 453 332 488 visum
348 451 383 497 sit,
400 452 548 488 Faustinianum
563 463 584 486 se
600 463 643 487 esse
660 451 764 486 dioehat“.·
779 451 882 498 Perperam

93 501 176 546 quidem.
200 498 228 533 At
239 498 282 533 lieri
295 501 361 544 potest
376 501 398 533 ut
412 497 494 533 Rufinus
508 496 602 542 scriptum
616 498 731 543 reppererit:
749 497 810 538 εἶπεν,
828 510 883 544 qnam

92 544 166 579 uariam
174 543 277 579 lectionem
285 544 351 579 favere
359 543 430 590 aliquis
439 544 491 579 dicat
499 546 578 578 nostrae
587 544 716 589 conjecturae.
869 577 871 579 ,

138 589 160 624 Ρ.
168 589 208 634 415,
217 590 226 623 1
234 600 275 635 sqq.
288 589 316 624 sic
327 588 368 624 fere
380 589 473 635 scriptum
484 588 545 624 fnisse
554 592 607 623 ratus
617 593 647 623 est
655 587 775 622 Dresselins:
788 586 884 637 ἐμάθομεν

94 634 145 682 τιιιριέ
155 648 214 676 τινος,
227 634 257 671 ὅτι
266 634 325 680 εὑρὼν
333 634 392 672 αὐτὸν
403 634 413 670 ὁ
422 640 489 683 Σίμων
501 633 595 683 ἐξώρμησε
607 632 644 681 [ἵνα
654 632 687 669 τὸν
695 637 770 680 Πέτρον
778 634 884 673 καταλιπὼν

93 680 145 726 αήτῷ
158 680 313 731 συνοδοιπορήση
325 680 471 730 ὑπισχνουμένῳ
483 678 629 727 ἀποκαλύπτειν]
643 680 665 715 τὰ
678 679 744 724 silphii.
767 678 843 714 Vellem
852 682 884 716 ad-

94 730 190 770 notasset,
202 730 266 761 ntrum
274 738 309 773 pro
323 725 397 769 verbis,
409 736 457 771 quae
470 725 561 761 cancellis
574 726 635 770 sepsit
647 729 714 770 utpote
723 726 747 760 ah
756 725 799 771 ipso
808 724 831 759 de
841 735 883 761 oon-

92 772 171 817 jectnra
180 772 275 818 reposita,
291 773 360 807 lacuna
370 771 489 806 inveniretur
499 771 550 805 idem
563 769 603 805 fere
615 770 699 816 spatium
710 772 850 815 complectens,
861 782 884 806 an

95 818 165 852 minus.
189 817 211 852 In
220 816 323 864 Recoguit.
332 815 356 862 X,
366 816 389 851 64
396 816 445 850 nihil
453 817 548 862 reperitur
556 816 593 850 nisi
602 814 650 850 haec
660 815 728 851 verba:
740 814 884 861 „Comperimus

96 873 108 898 a
117 863 200 908 quodam
209 861 243 908 qni
250 873 292 897 cnm
300 861 377 897 Simone
384 861 485 906 profectus
492 862 538 905 est‘,
548 861 567 895 in
576 861 646 906 quihus
652 872 688 906 pro
696 861 754 908 „qni“
762 860 884 896 scribendum

97 918 139 942 esse
148 909 233 954 „quia“
242 919 301 953 quum
308 909 384 941 tautum
391 918 430 941 nou
439 918 473 951 per
482 917 502 941 se
512 906 583 942 clarum
593 907 618 941 sit
626 910 667 941 tum
676 910 757 952 apparet
766 918 788 942 ex
797 905 826 952 iis,
836 917 884 954 quae

93 953 180 999 proxime
188 956 299 999 sequuntur,
306 952 434 987 Honiiliarum
440 951 505 988 verhis
513 963 530 987 v.
539 953 598 998 hsqq.
606 951 675 997 positis
684 951 830 998 respondentia:
839 953 884 995 „sed

94 1000 140 1043 quia
148 997 180 1033 hic
188 1009 227 1033 non
236 999 275 1042 est‘,
287 998 367 1044 apparet
380 997 424 1043 qnia
436 1009 481 1033 vere
492 997 541 1032 dixit
550 999 584 1044 qui
597 998 697 1033 nunciavit
705 1009 748 1033 cnm
758 996 835 1032 Simone
842 1009 885 1043 pro·

92 1044 165 1079 fectum
175 1046 232 1080 cett“.
256 1043 319 1087 Unde,
328 1043 365 1078 nisi
373 1045 429 1089 plura
436 1043 559 1078 intercidisse
568 1043 659 1078 librarius
667 1043 710 1089 ipse
719 1041 842 1090 significavit,
851 1043 885 1078 ali-

93 1089 136 1136 quis
151 1091 280 1134 conjecturam
292 1090 365 1134 capiat,
378 1088 411 1124 illo
426 1090 468 1125 loco
479 1088 610 1135 reponendum
624 1100 676 1124 esse:
691 1088 720 1125 ὅτι
734 1088 793 1137 εὑρὼν
805 1088 886 1125 alitus

92 1139 160 1184 Σίμων
171 1133 306 1185 ἐξώρμησεν
319 1136 393 1182 ἑαυτῷ
405 1134 548 1171 ἀκολουθεῖν
561 1135 592 1169 vel
607 1134 774 1178 ἀκολουθῆσαι.
796 1132 886 1170 Ceterum

92 1192 118 1215 ne
128 1180 159 1215 cni
168 1192 191 1215 ex
200 1191 228 1225 eo,
238 1180 289 1228 qnod
297 1180 318 1215 in
324 1179 485 1226 interpretatione
491 1179 585 1215 Dresselii
592 1179 654 1225 prima
660 1180 720 1215 verba
728 1180 756 1214 sio
764 1180 825 1215 latina
833 1179 887 1214 facta

95 1230 150 1261 sunt:
162 1225 307 1272 „Comperimus
317 1237 328 1261 a
337 1227 428 1271 quodam,
442 1226 534 1261 incidisse
547 1236 589 1260 eum
602 1225 622 1260 iu
631 1224 726 1261 Simonem
736 1226 886 1270 exhortantem‘,

95 1271 181 1316 suspicio
189 1276 281 1306 nuscanu-
288 1273 312 1307 de
319 1272 401 1306 veritate
408 1272 513 1318 scripturae
521 1271 572 1317 typis
580 1281 687 1317 expressae,
695 1282 769 1317 moneo,
778 1283 820 1306 eam
826 1270 887 1316 ipsam

94 1316 176 1362 reperiri
184 1317 204 1351 iu
213 1316 324 1363 apographo
333 1316 435 1352 Dresselii¹
455 1316 548 1352 Volneret
556 1316 585 1351 vir
595 1319 669 1361 doctus,
678 1318 698 1352 ni
707 1317 773 1352 fallor:
782 1315 888 1360 „incidisse

94 1362 118 1396 in
127 1372 177 1397 eum
187 1360 284 1397 Simonem
294 1362 445 1398 exhortantem‘t.
455 1384 479 1389 —
492 1362 556 1397 Etiam
565 1373 615 1408 qnae
627 1375 644 1397 v.
652 1363 662 1396 ἵ
671 1374 711 1409 sqq<
725 1363 819 1408 leguntur
829 1361 888 1397 verba

96 1412 163 1454 aperte
173 1413 271 1453 corrupta:
284 1407 319 1455 ἐγὼ
328 1410 349 1444 δὲ
356 1406 442 1456 Κλήμης,
452 1406 556 1452 συννοήσας
564 1406 598 1453 τὴν
606 1409 640 1443 τοῦ
648 1412 723 1454 Πέτρου
732 1412 849 1456 προαίρεσιν,
858 1406 888 1443 ὅτι

95 1451 191 1489 ὑπόνοιαν
199 1453 263 1494 αὐτοῖς
271 1455 369 1500 ἐνσπεῐραι
377 1456 436 1495 θέλει,
451 1453 475 1493 ὡς
485 1452 517 1489 τὸν
525 1456 605 1501 γέροντα
614 1456 674 1498 ζητεῖν
682 1456 754 1502 μέλλων
766 1452 809 1500 παρ’
819 1453 887 1494 αὐτοῖς,

97 1498 203 1534 secundum
215 1497 274 1534 fidem
286 1499 393 1544 apographi
404 1498 524 1534 Dressellaui
535 1501 581 1533 sunt
596 1502 678 1534 exarata.
702 1498 783 1534 Rufinus
791 1501 889 1545 postrema

95 1543 161 1587 veiha,
170 1546 190 1578 in
199 1544 269 1590 quihus
282 1543 349 1579 vitium
358 1544 417 1587 inest,
427 1543 566 1590 interpretatus
576 1547 615 1579 est:
628 1543 685 1589 „quia
697 1545 779 1580 voluerit
791 1544 818 1579 eis
828 1542 888 1590 suspi-

97 1588 171 1624 cionem
181 1589 233 1633 dare,
243 1589 295 1635 quod
304 1589 328 1624 ab
337 1588 384 1635 ipsis
393 1591 514 1634 quaerendus
523 1591 576 1624 esset
584 1591 661 1625 senex“.
685 1589 815 1625 Nihilominus
823 1592 889 1624 tamen

96 1645 133 1681 ego
141 1635 204 1681 ipsam
218 1634 276 1681 thns
289 1634 387 1680 scriptoris
400 1645 477 1669 manum
486 1639 585 1681 praestare
597 1646 636 1670 non
649 1635 716 1671 ausim,
728 1656 751 1661 -
765 1634 789 1671 V.
798 1635 819 1670 13
830 1635 889 1670 verba

94 1681 142 1729 ἐμοῦ
151 1682 209 1716 ταῦτα
217 1679 306 1722 εἰπόντος
318 1680 414 1716 dissoluta
426 1680 459 1724 sio,
467 1684 489 1715 nt
498 1680 550 1715 edita
562 1684 611 1724 sunt,
622 1680 710 1726 profecta
721 1692 759 1716 non
771 1691 814 1716 esse
823 1692 834 1715 a
843 1678 889 1715 scri-

93 1728 148 1771 ptore
164 1725 300 1767 Homiliarnm‚
314 1737 426 1771 persuasum
437 1724 507 1761 habeo.
532 1724 629 1771 (lonjieiat
640 1726 719 1772 aliquis:
734 1727 781 1775 ἐμοῦ
794 1728 818 1763 δὲ
832 1728 890 1762 ταῦτα

95 1774 132 1807 sin.
148 1770 187 1807 Sed
196 1782 253 1817 qnnm
263 1770 343 1806 Rufinus
352 1771 489 1817 interpretatus
501 1772 534 1806 sit:
548 1771 586 1816 „Et
595 1783 637 1806 cum
646 1772 695 1807 haec
704 1772 814 1817 dixissem“‚
823 1771 889 1806 nescio

95 1828 120 1851 an
128 1817 247 1862 probabilius
257 1817 290 1852 sit:
298 1822 335 1853 καὶ
344 1819 400 1866 ἐμοῦ
409 1820 454 1852 cett.
462 1838 485 1843 —
493 1816 516 1853 V.
525 1817 547 1852 14
554 1828 582 1863 sq.
591 1817 639 1853 haec
645 1819 809 1863 repraesentanda
816 1817 889 1852 curauit

95 1861 214 1897 Dresselins:
223 1883 244 1888 -
253 1861 342 1911 ἀπῄεσαν,
351 1867 381 1898 καὶ
390 1863 414 1904 ὡς
422 1861 520 1913 ἐμάθομεν
529 1865 562 1907 τῆς
570 1863 623 1910 ἄλλης
635 1863 703 1913 ἡμέρας
716 1862 747 1912 [ὡς
755 1861 838 1911 τάχιστα]
848 1862 887 1899 κατ’

98 1912 140 1964 λγνη
146 1912 237 1955 Ξίμιονος
245 1909 277 1943 ἐπὶ
286 1907 320 1953 τὴν
327 1908 421 1945 Ἰουδαίαν
430 1907 524 1959 ὥρμησαν.
543 1909 570 1944 Et
577 1915 630 1944 recte
639 1909 716 1955 quidem
726 1920 769 1944 esse
777 1908 887 1944 reductum:

97 1956 175 2001 ημέρας,
185 1964 220 1999 pro
234 1964 271 2000 quo
281 1951 366 1988 codesO
377 1954 458 1999 praehet
468 1953 531 2001 ἡμῶν,
546 1958 569 1989 ut
581 1956 638 1990 etiam
649 1955 715 2000 paullo
725 1965 782 2001 snpra
790 1966 808 1999 p,
816 1952 856 1997 414,
867 1954 889 1989 10

95 1997 191 2044 reperitur
203 1998 262 2034 dictio
275 2001 307 2041 τῆς
319 1998 373 2043 &titii
383 1997 463 2048 ἡμέρας,
478 2002 532 2034 extra
544 2000 670 2036 dubitationis
683 2000 745 2035 aleam
756 2002 842 2044 positum
854 2002 888 2044 est,

96 2055 154 2090 quum
161 2044 277 2090 praesertim
283 2043 436 2090 Recognitiones
444 2044 537 2079 habeant:
547 2066 569 2071 -
576 2046 699 2090 „discedunt
707 2046 792 2092 vestigia
801 2044 889 2087 Simonis,

95 2094 118 2125 nt
127 2089 217 2135 sequenti
226 2089 257 2125 die
266 2089 404 2136 comperimus,
413 2090 556 2136 insequentes“.
581 2090 620 2126 Sed
629 2092 697 2126 eadem
708 2091 750 2137 ipsa
757 2090 822 2126 Rufini
831 2091 890 2126 inter-

96 2136 180 2181 pretatio
193 2136 305 2181 scrupulum
314 2135 381 2181 injicit
390 2136 414 2170 de
422 2135 506 2178 ratione,
515 2145 552 2180 qua
560 2135 670 2171 Dresselius
680 2140 792 2183 sequentem
800 2136 890 2172 lacunam

96 2180 187 2226 explevit·
211 2180 272 2218 Nobis
287 2181 366 2228 quidem
377 2181 442 2226 potins
455 2180 578 2215 inserendum
587 2181 672 2216 videtur:
687 2180 824 2226 διώκοντες,
839 2182 891 2228 quod

96 2229 186 2261 accurate
195 2226 301 2272 respondet
308 2226 367 2261 verbo
377 2225 535 2272 ,insequentem
549 2226 631 2262 Locutio
642 2226 716 2264 ιλιώκειν
725 2227 762 2263 κατ’
773 2232 825 2273 ἴχνος
834 2227 891 2262 etiam

95 2271 144 2307 alibi
151 2272 252 2317 reperitur,
262 2283 276 2307 c.
286 2284 315 2318 gr.
323 2272 375 2316 apud
382 2271 485 2319 Platonem
496 2271 519 2306 de
527 2271 609 2318 Republ.
618 2271 654 2317 ΠΙ,
663 2285 681 2319 p.
689 2273 724 2310 410
732 2273 754 2309 Β.
766 2294 789 2299 -
800 2273 824 2309 V.
833 2272 855 2307 16
862 2284 890 2319 sq.

94 2316 143 2352 haee
157 2317 224 2362 posita
235 2321 279 2351 sunt
289 2318 360 2353 verba:
375 2338 397 2343 -
413 2315 454 2364 [ἡκέ
461 2315 495 2364 τις]
509 2318 528 2352 ἐκ
540 2320 572 2362 τῆς
580 2318 694 2365 Ἀντιοχείας
709 2318 760 2365 παρὰ
773 2321 808 2354 τοῦ
820 2318 891 2367 πατρὸς

94 2363 177 2410 ἀγγελῶν
189 2362 246 2410 ἡμῖν,
261 2364 301 2402 πῶς
313 2362 323 2397 ὃ
338 2362 399 2407 πατὴρ
415 2360 510 2410 depromite]
525 2362 584 2398 αὐτοῦ
591 2366 669 2413 μορφῆς
683 2366 801 2411 κατηγορῶν,
815 2367 891 2409 Πέτρον

95 2409 179 2454 εὐλογῶν
191 2407 225 2454 τὴν
238 2409 302 2443 πᾶσαν
311 2408 422 2452 Ἀντιοχέων
434 2407 491 2443 πόλιν
505 2410 531 2447 εἰς
542 2406 609 2445 πόθον
619 2413 729 2458 μετέθηκεν.
743 2414 775 2445 καὶ
789 2411 809 2445 ἐκ
823 2408 892 2445 τούτου

96 2452 169 2494 πάντας
177 2454 237 2489 ἐπιθυ
246 2458 282 2489 ιεῖν
291 2452 348 2489 αὐτὸν
358 2455 406 2489 tarn
414 2451 540 2499 ἀπήγγελλεν·
550 2455 611 2495 ἐνίους
619 2456 640 2491 δὲ
649 2457 694 2490 cett.
706 2454 762 2491 Prior
769 2455 840 2490 lacuna
848 2465 891 2500 pro-

96 2499 190 2535 babiliter
199 2467 278 2545 expieta
287 2501 317 2534 est
326 2499 433 2533 secuudum
440 2497 543 2544 Recoguit.
552 2499 577 2543 X,
586 2499 614 2545 65,
625 2501 663 2536 nisi
673 2502 724 2547 quod
732 2500 820 2545 Rufinus,
834 2511 892 2547 quum

94 2545 233 2592 interpretatus
247 2544 281 2580 sit:
295 2544 361 2591 „vehit
372 2543 449 2600 quidam
462 2547 593 2590 nostrorum,
605 2558 652 2591 prae
664 2546 726 2582 oculis
738 2547 831 2583 hahuisse
839 2546 892 2581 vide-

94 2594 134 2626 tur:
152 2592 184 2636 ἡκε
192 2592 222 2626 vel
232 2589 278 2638 ἦλθε
287 2605 315 2632 τις
324 2592 362 2627 τῶν
371 2593 472 2638 ημετέριον.
481 2590 571 2639 Άγγελῶν
578 2591 659 2628 debetur
666 2591 776 2628 Dresselio.
788 2592 891 2638 Equidem,

95 2647 153 2683 quum
159 2637 200 2673 cod.
206 2635 222 2672 Ο
229 2638 330 2684 praebeat:
339 2636 428 2684 ἀγγέλων,
435 2636 566 2684 reponendum
574 2649 653 2674 censeo:
662 2638 787 2686 ἀγγέλλων.
799 2637 892 2673 Similiter

96 2695 114 2728 p.
122 2681 183 2727 dotti
196 2684 288 2730 scriptum
296 2683 413 2729 reperimus:
426 2682 484 2727 (ἦλθε)
493 2703 516 2709 -
525 2684 592 2729 ιληλοῖν.
616 2684 638 2720 In
650 2684 713 2720 verbis
726 2686 767 2725 ττιῦς
778 2683 788 2720 ὁ
801 2684 861 2731 πατὴρ
871 2706 891 2710 η

95 2731 205 2777 κατηγορῶν
215 2729 258 2775 plns
267 2741 324 2776 quam
333 2726 445 2780 Dresselius
456 2739 494 2780 pro·
504 2728 586 2775 exiguo,
600 2729 676 2776 opinor,
689 2730 740 2776 qnod
752 2729 772 2765 in
783 2728 849 2765 coeo
864 2730 892 2765 in·

94 2774 177 2817 venitur,
186 2774 268 2811 lacunae
277 2774 339 2821 spatio
349 2774 418 2809 statuit
426 2773 561 2819 rutel‘crdisse,
571 2780 643 2811 certum
653 2779 687 2811 est.
711 2776 788 2811 Etenim
798 2779 817 2811 et
825 2787 892 2811 neces-

96 2819 168 2855 sarium
175 2819 262 2865 videtur,
277 2823 299 2857 nt
312 2820 409 2857 Simonem
420 2818 462 2865 ipso
474 2818 552 2855 nomine
565 2820 686 2866 appellatum
701 2820 763 2857 fnisse
778 2824 892 2864 statuamus,
