1827 3065
342 123 552 157 urrrerramnnnn.
806 111 845 153 itt

57 244 75 269 se
84 224 198 267 exercuerit,
212 225 232 258 et
241 225 281 258 arte
290 222 367 269 magica
374 222 457 267 polleat,
466 229 530 260 monte
539 225 601 260 elatus
610 234 630 258 so
639 221 682 257 vult
690 221 796 257 existimari
805 232 848 256 esse

56 276 143 314 virtutem
152 268 247 316 quandam
256 279 362 314 supremam
371 270 390 302 et
399 268 475 314 quidem
487 269 547 315 ipsius
556 269 595 305 Dei
607 268 640 314 qui
649 267 740 302 mundum
749 267 846 310 condidit,

57 318 149 359 interdum
158 326 178 350 se
188 313 285 349 Christum
294 324 337 348 esse
344 312 442 360 gloriatin:
454 313 502 350 Eam
511 319 574 351 autem
582 313 734 361 appellationem
740 312 846 358 usurpavit,

0 383 2 385 ¹
57 364 109 415 quasi
117 361 149 408 qui
158 370 233 405 semper
241 359 358 394 constiturus
368 359 422 394 sitin
429 360 480 403 vita,
491 373 527 396 nec
538 361 609 396 habeat
621 358 751 405 corruptionis
762 369 846 401 cansam,

0 424 3 426 ⁴
57 417 77 449 ut
85 416 161 454 corpore
170 404 264 440 concidat,
281 404 349 450 Neque
358 416 403 440 vero
411 404 480 448 Deum,
489 406 555 441 muudi
564 409 675 449 creatorem,
685 415 793 450 supremum
803 414 846 438 esse

2 477 4 479 ·
57 459 92 500 nit,
106 463 142 488 nec
157 453 241 486 mortuos
257 450 362 486 excitatum
377 449 400 485 iri
414 450 481 486 credit.
504 452 659 498 Hierosolymam
676 453 746 497 negat,
762 453 847 484 montem

58 498 171 539 Gerizimum
184 494 290 531 substituit.
311 495 348 531 Pro
359 506 404 532 vero
413 494 498 541 Christo,
511 497 554 533 Deo
565 502 637 541 nostro,
647 496 732 542 scipsum
740 495 846 542 praedicat,

57 550 128 593 Legem
135 541 212 588 propria
220 541 375 588 praesumptione
384 541 442 577 aliter
449 541 590 589 interpretatur.
611 543 637 578 Et
645 541 738 578 iudicium
748 541 797 576 dicit
806 541 847 586 qui-

58 595 99 629 dem
107 589 153 631 fore,
162 598 227 622 rerum
235 598 275 621 uon
283 590 388 633 exspectat.
863 629 865 632 ἱ

102 642 174 680 XXVI.
189 642 217 678 Ut
225 645 290 678 autem
298 643 340 689 ipse
348 643 449 691 religionis
458 643 567 696 opinionem
576 644 683 689 invaderet,
692 644 765 680 factum
774 646 804 679 est
813 643 846 678 ita.

2 718 8 735 ῃ
59 696 138 730 Ioannes
147 688 225 733 quidam
233 689 315 733 exstitit,
325 689 357 734 qui
366 689 448 736 singulis
457 689 525 725 diebus
531 690 649 737 baptizabat,
659 695 678 726 et
687 689 847 736 quemadmodum

1 743 3 768 i
58 736 139 775 Domino
152 734 229 769 fuerunt
244 733 345 769 duodecim
360 735 454 780 apostoli,
471 734 571 771 duodecim
585 737 679 771 mensium
693 735 740 770 solis
756 738 846 783 gerentes

58 791 162 822 numerum,
172 779 200 814 sic
208 779 227 814 ei
235 790 309 826 quoque
317 779 395 815 fuerunt
402 780 484 827 triginta
495 781 531 816 viri
543 781 649 827 principes,
661 784 779 816 menstruam
789 782 847 815 lunae

1 841 4 864 ῑ
58 828 148 865 rationem
165 824 274 871 implentes.
303 825 344 867 Quo
358 825 378 860 in
395 837 473 861 numero
490 837 529 862 una
543 827 635 872 quaedam
653 830 694 862 crat
708 826 777 861 mulier
794 825 847 860 dicta

1 883 6 907 ·;
58 874 136 914 Helena,
144 873 166 905 ut
175 881 199 905 ne
207 869 244 905 hoe
253 871 330 916 quidem
339 870 412 916 absque
420 872 511 917 mysterio
521 876 577 907 esset.
598 871 645 907 Cum
654 873 706 908 enim
714 872 783 907 mulier
792 870 847 905 dimi-

0 924 8 963 {l
59 920 108 955 dium
117 916 143 951 sit
151 916 198 960 riri,
208 915 341 962 imperfectum
349 917 447 953 trecinarii
456 918 563 961 constituit,
572 917 622 953 sicut
631 922 650 954 et
659 919 679 952 in
687 918 743 961 luna,
756 916 810 952 cuius
819 916 848 950 iu-

59 974 121 1001 cessus
136 972 175 997 uon
190 960 297 1007 perfectum
313 962 385 997 mensis
400 975 475 998 cursum
489 963 573 999 coniicit.
593 963 669 1004 *Horum
685 966 750 998 autem
764 962 847 1009 triginta

3 1025 4 1028 ¹
12 1034 14 1037 s
59 1007 123 1045 loanni
131 1006 203 1053 primus
212 1018 234 1042 ac
243 1007 389 1053 probatissimus
397 1008 435 1043 fuit
443 1007 514 1044 Simon.

1 1101 2 1105 Ἰ
102 1062 184 1098 XXVII.
197 1063 245 1098 Post
250 1067 329 1099 mortem
338 1067 402 1099 autem
409 1064 487 1100 Ioannis
495 1063 560 1100 Simon
568 1069 666 1110 assumpta
674 1064 751 1099 Helena
760 1063 848 1099 circumit

0 1117 4 1148 ὲ
59 1111 122 1146 turbas
134 1109 230 1152 excitans,
245 1108 306 1154 ipsam
318 1113 382 1145 autem
393 1110 489 1145 Helenam
501 1110 525 1145 de
540 1109 634 1144 surremis
649 1110 709 1144 caelis
723 1109 743 1143 in
757 1109 848 1143 mundum

0 1158 12 1198 ᾖ.
60 1156 141 1191 delatam
150 1153 207 1197 dicit,
220 1153 274 1189 cuius
282 1155 351 1201 gratia,
364 1155 436 1201 inquit,
449 1153 520 1190 Graeci
532 1158 551 1189 et
563 1122 644 1189 barbari
656 1153 793 1197 conflixerimt,
803 1154 848 1188 ima-

0 1211 5 1243 ζ-
59 1202 121 1248 ginem
132 1199 234 1246 opinantes
243 1200 341 1235 veritatis:
355 1204 375 1236 et
385 1200 489 1247 praecipue
501 1200 542 1235 edit
553 1200 614 1234 multa
625 1199 738 1246 prodigiosa
750 1199 848 1242 miracula,

0 1247 7 1287 J*
60 1250 85 1283 ita
92 1249 113 1281 ut
121 1245 159 1279 nisi
168 1244 332 1292 cognovissemus,
345 1245 381 1280 illa
393 1257 436 1281 eum
448 1244 514 1292 magia
522 1244 606 1288 efficere,
615 1244 654 1291 ipsi
662 1256 737 1291 quoque
746 1245 849 1280 fuissemus

60 1290 139 1337 decepti.
163 1290 204 1326 Iam
212 1301 256 1325 vero
265 1301 308 1325 eum
316 1302 398 1326 vesanus
406 1291 467 1326 vellet
476 1290 535 1326 etiam
543 1291 640 1336 imponere
649 1290 696 1325 viris
704 1290 812 1338 religiosis,
825 1289 849 1325 ab

60 1349 80 1374 eo
92 1335 211 1372 recessimus.
235 1336 313 1371 Etenim
325 1336 384 1371 caede
397 1347 418 1372 se
432 1336 531 1382 inquinare
546 1339 646 1382 coeperat,
662 1336 712 1388 sicut
727 1335 769 1382 ipse
786 1335 849 1388 adhuc

0 1385 9 1422 ἐς
60 1382 124 1418 amicis
137 1381 193 1417 nobis
206 1380 260 1416 velut
272 1381 344 1417 amicus
353 1381 457 1427 patefecit,
470 1382 521 1427 quod
535 1393 578 1416 eum
589 1382 645 1427 pueri
656 1393 739 1416 ammam
750 1393 762 1416 a
772 1392 850 1427 proprio

0 1432 11 1470 ᾖε,
60 1437 134 1474 corpore
149 1430 258 1472 separasset
268 1425 353 1461 infandis
365 1426 511 1471 adiurameutis,
526 1426 609 1462 futuram
622 1427 736 1462 adiutricem
748 1427 773 1462 ad
786 1438 849 1462 eorum

61 1483 107 1519 quae
116 1472 157 1518 ipse
165 1472 226 1507 vellet
234 1472 438 1517 repraesentationem,
446 1483 543 1518 pueroque
551 1472 572 1506 in
578 1472 662 1519 imagine
670 1472 774 1514 delineata,
784 1483 849 1507 eonse-

1 1532 7 1539 ⁶
61 1522 130 1553 oratam
138 1516 219 1556 liaberet
227 1517 331 1563 imaginem
339 1517 360 1552 in
368 1518 416 1553 aede
425 1517 518 1562 interiori,
527 1517 560 1553 ubi
569 1517 611 1564 ipse
620 1517 715 1553 dormiret.
731 1517 851 1564 Quapropter

62 1564 151 1598 ‹lamnata
158 1562 258 1609 impietate
267 1563 396 1598 abscessimus
405 1563 429 1599 ab
439 1574 467 1598 eo.

105 1613 198 1649 XXVIH.
214 1613 269 1649 Haec
278 1626 321 1649 eum
329 1613 401 1660 Aquila
410 1614 498 1657 dixisset,
507 1614 566 1649 frater
575 1613 616 1648 eius
624 1614 705 1649 Nicetas
714 1613 751 1649 ait:
764 1613 849 1649 Necesse

5 1684 7 1689 .
60 1663 97 1703 est,
106 1659 165 1694 frater
173 1662 238 1695 noster
247 1657 345 1703 Clemens,
357 1670 380 1694 ea
387 1671 417 1694 me
427 1670 582 1703 commemorare,
595 1670 644 1704 quae
652 1659 677 1693 ab
685 1658 757 1711 Aquila
765 1663 849 1711 praeter—

60 1705 117 1740 missa
126 1709 175 1740 sunt.
194 1704 258 1739 Primo
267 1705 355 1750 equidem
364 1703 418 1740 Deus
427 1705 484 1739 testis
494 1708 529 1748 est,
538 1716 573 1739 nos
582 1704 602 1738 iu
610 1704 664 1739 nullo
673 1715 730 1756 opere
739 1716 797 1750 impio
806 1715 849 1739 eum

60 1749 164 1793 adiuvisse,
177 1749 212 1785 sed
223 1749 257 1784 illo
265 1748 350 1784 faciente
358 1753 433 1784 tantum
442 1752 547 1795 spectasse.
570 1749 596 1783 Et
607 1749 699 1794 quamdiu
706 1760 764 1795 opera
772 1750 850 1785 innoxia

61 1795 135 1838 edebat,
145 1794 297 1830 delectabamin:
311 1795 386 1840 quando
395 1798 458 1830 cirtem
467 1806 516 1846 quae
528 1806 562 1841 per
570 1795 654 1840 magiam
665 1794 747 1839 fiebant,
760 1806 793 1847 per
802 1795 850 1829 divi-

61 1841 140 1876 nitatem
152 1851 172 1875 se
184 1840 286 1876 facere'ad
296 1840 339 1886 pios
350 1840 436 1882 homiues
448 1840 573 1885 decipiendos
585 1840 643 1884 dixit,
658 1851 696 1875 non
711 1840 793 1886 amphus
808 1851 851 1876 eum

60 1886 111 1931 passi
123 1897 196 1930 sumus,
211 1886 297 1931 quamvis
309 1885 370 1920 multa
381 1886 437 1921 nobis
448 1886 578 1931 promitteret:
592 1885 674 1931 primum
685 1886 762 1931 quidem
774 1885 815 1921 fore
829 1890 851 1920 ut

60 1933 150 1977 templum
158 1930 214 1966 nobis
224 1933 243 1965 et
252 1933 328 1966 statuae
335 1930 460 1977 erigerentur,
468 1935 528 1976 utque
535 1930 563 1966 dii
569 1931 721 1966 existimaremur
727 1934 746 1966 et
755 1943 766 1966 a
774 1931 851 1977 populis

61 1977 172 2020 ooleremur,
186 1979 206 2011 et
214 1987 225 2010 a
232 1975 311 2022 regibus
319 1975 496 2023 magnificarentur,
509 1980 567 2022 atque
580 1976 693 2012 donaremur
700 1976 784 2022 publicis
792 1976 851 2012 hono-

62 2021 120 2064 ribus,
129 2032 165 2056 nec
174 2033 212 2057 non
220 2020 297 2056 infinita
305 2021 325 2055 vi
332 2022 426 2068 pecuniae
436 2021 579 2057 ditesceremus.

106 2071 180 2106 XXIX.
204 2072 258 2107 Haec
267 2076 287 2107 et
295 2072 365 2118 quibus
374 2072 468 2108 eiusmodi
475 2076 577 2118 putantur,
586 2072 642 2107 uobis
651 2072 786 2117 pollicebatur,
794 2072 851 2107 modo

61 2120 82 2151 ut
94 2129 135 2151 cum
148 2128 170 2153 eo
182 2117 270 2152 viventes
281 2129 359 2163 pravum
372 2117 413 2152 eius
424 2117 515 2153 molimen
522 2122 638 2157 taceremus,
652 2129 689 2162 quo
697 2116 749 2152 fraus
759 2117 776 2152 ei
786 2129 850 2152 sucee-

63 2161 119 2197 deret.
144 2161 236 2198 Attamen
244 2163 319 2198 assensi
328 2174 366 2197 non
375 2175 445 2207 sumus,
455 2163 501 2209 quin
510 2164 566 2198 immo
576 2163 677 2198 consilium
687 2162 784 2207 dedimus,
796 2165 818 2197 ut
826 2162 850 2198 ab

97 2313 211 2357 GopXXVl.
236 2310 254 2358 l)
264 2311 313 2347 οὕτω
322 2310 405 2358 Οκ-ἳ)
415 2314 442 2346 Si·
471 2312 533 2347 tator
548 2311 586 2347 ὑπὸ
602 2313 672 2348 renti
686 2316 852 2359 ΤροίᾳΣῑησίχο-

63 2358 99 2390 mili
113 2359 162 2391 modo
177 2369 239 2391 corona
252 2369 294 2401 quae
309 2358 383 2391 Simonis
397 2359 442 2400 magi
471 2355 504 2401 ρός
530 2368 576 2403 φησι
604 2361 693 2403 γενέσθαι
723 2358 852 2405 περιμάχητον

65 2402 160 2445 dicebatur,
169 2405 284 2448 imperfectam
293 2404 376 2436 referebat
383 2408 442 2435 rotun·
470 2404 537 2449 ἀγνοίᾳ
546 2405 580 2437 τοῦ
591 2402 686 2447 ἀληθοῦς-1,
700 2406 745 2438 Sext.
756 2408 806 2449 Emp.
814 2405 851 2437 adv.

64 2447 140 2489 ditatum,
149 2451 170 2482 ad
183 2450 250 2482 modum
258 2449 309 2482 lunae
317 2450 335 2480 in
344 2459 407 2480 cornua
415 2460 442 2480 co·
471 2450 531 2482 matth.
541 2450 581 2491 VH,
596 2447 632 2483 180.
643 2448 677 2483 255
691 2454 708 2482 et
720 2452 819 2483 Bnrnesium
831 2450 852 2482 ad

64 2494 123 2526 eunus.
131 2490 442 2536 cotelerius.-3)Legeturr‘,o÷tl1q,
472 2495 532 2538 Eurip.
549 2496 588 2533 Hel,
606 2507 620 2527 v.
636 2493 664 2529 33.
688 2497 773 2528 Davisius.
804 2495 852 2528 Adde

66 2539 107 2579 quod
116 2541 191 2583 postulat
199 2539 280 2572 orationis
289 2539 346 2572 series.
358 2541 442 2571 Danista.
473 2541 529 2573 Schol.
538 2541 560 2572 ad
571 2542 656 2584 Lycophr.
665 2553 680 2573 v.
689 2538 727 2572 113.
737 2545 754 2574 et
761 2541 823 2584 interp.
832 2541 853 2574 od

99 2584 138 2628 cap.
153 2585 228 2619 XXVII.
252 2581 270 2620 1)
285 2584 441 2629 κυπενιμέχῧῆναι
472 2586 536 2618 Hsrnd.
544 2586 567 2625 u,
577 2583 609 2618 112
617 2596 654 2628 sqq.
664 2587 760 2626 staretque.
771 2605 795 2610 -
805 2583 824 2630 3)
832 2586 852 2621 dt

65 2628 83 2659 0·
95 2647 117 2652 —
127 2626 146 2674 2)
158 2630 224 2663 Alludit
235 2633 292 2662 noster
303 2630 324 2662 ad
336 2640 393 2661 eorum
404 2641 442 2663 seu·
472 2642 504 2664 om.
514 2632 535 2664 V.
549 2630 624 2664 Subinde
638 2627 687 2663 πολὺ
698 2632 764 2675 μανεὶς
779 2632 816 2665 OV.
830 2650 853 2655 —

64 2674 138 2715 tentiam,
147 2677 177 2717 qui
184 2686 218 2708 non
225 2675 313 2715 Helenam,
322 2675 350 2708 scd
358 2675 393 2707 sius
401 2675 443 2708 dun-
472 2674 491 2720 4)
501 2675 563 2720 ἔργοις
571 2677 590 2709 0.
599 2693 622 2698 -
629 2674 646 2712 51
656 2675 676 2709 ἐν
685 2675 732 2709 deest
740 2677 758 2710 iu
766 2678 787 2709 V.
832 2713 836 2719 ,

65 2720 273 2762 taratimaginernTrolae
282 2721 334 2753 fnisse
342 2723 444 2762 statuerunt,
508 2723 548 2764 cap.
565 2721 649 2754 XXVHI.
680 2717 698 2765 l)
716 2718 854 2768 ἀπεριορίστως

65 2772 102 2795 cnm
110 2766 171 2798 Graeci
180 2766 283 2808 Barbarique
293 2766 326 2798 sibi
333 2769 399 2798 mutuas
409 2767 444 2799 eins
475 2768 496 2800 V.
504 2785 527 2790 —
534 2764 552 2808 2)
562 2766 665 2808 πλουτῆσαι
676 2767 695 2799 0.

65 2817 113 2841 caiisa
121 2810 177 2843 clades
186 2812 265 2844 facerent.
275 2811 314 2844 Vid.
324 2811 368 2843 Plat.
377 2810 445 2855 deRep.
509 2813 549 2855 dap.
560 2811 627 2844 XXIX.
652 2809 668 2853 1)
684 2808 759 2851 τούτοις
774 2814 793 2854 O,
809 2811 853 2847 rori-

65 2852 95 2884 IX.
105 2853 152 2895 [otiu
161 2857 182 2888 C:
196 2853 259 2899 ὥσπερ
268 2853 289 2889 τὸ
298 2855 331 2897 τῆς
337 2853 410 2900 Ἑλένης
420 2858 445 2889 rt-
476 2868 516 2894 τοις
523 2857 599 2902 μείζονα
610 2857 657 2900 upit.
666 2868 680 2893 c,
690 2855 718 2890 29.
729 2876 752 2881 υ-
763 2856 781 2902 2)
793 2850 860 2898 aitrau
