1827 3065
328 105 539 146 111111111111.
789 95 830 138 229

41 221 74 250 non
86 203 166 240 credimt
178 201 274 238 Christum
287 215 329 240 esse
342 204 414 250 Deum,
427 205 548 242 dominentur
558 207 626 252 petrae
638 215 660 240 ac
677 203 752 251 lapides
764 205 832 241 auditu

41 254 122 294 carentes
131 251 151 284 et
160 259 216 292 voce,
231 250 390 295 quemadmodum
401 255 421 287 et
429 251 477 287 milri
485 252 603 305 imperarunt
611 256 672 297 usque
685 250 705 285 in
713 249 764 286 hunc
774 250 829 287 diem.

40 301 89 340 Haec
98 294 155 331 ethis
165 293 236 330 similia
245 293 329 332 Sisinnio
338 295 447 343 proferente
456 297 547 344 gaudium
555 308 646 345 magnum
658 299 720 332 ortum
728 300 764 333 111,
785 295 829 333 Cre—

41 344 86 383 didit
97 340 148 376 enlm
158 351 202 376 cum
215 341 266 376 omni
278 340 334 377 domo
346 354 388 386 sua,
400 342 510 390 traditoque
522 355 555 380 suo
571 342 647 379 nomine
663 342 830 389 appropinquante

39 388 127 441 paschate
134 385 246 433 baptizatus
255 390 285 422 est
299 386 340 433 ipse
352 391 372 423 et
384 400 458 433 omnes,
474 389 506 435 qui
520 390 540 425 in
553 390 594 425 eius
607 389 663 425 domo
675 391 736 424 erant.
760 388 830 425 Nume-

40 435 150 475 satiantem
164 435 209 467 sunt
223 432 256 479 qui
270 431 365 479 baptizati
382 433 459 480 fuerunt
473 434 509 469 viri
525 438 544 470 et
558 434 648 471 mulieres
663 445 706 470 cum
722 433 831 470 infantibus

41 478 171 530 quadringenti
183 478 254 526 viginti
266 482 311 515 tres.
336 476 437 515 Caeterum
448 483 525 526 propter
536 480 586 517 hunc
596 480 702 517 Sisirmium
710 480 767 516 multi
775 480 830 515 illus·

40 528 92 565 trium
103 527 122 558 et
135 523 239 559 amicorum
250 524 325 561 Nervae
334 523 456 571 Imperatoris
470 526 590 562 crediderunt
602 530 622 562 et
633 526 658 562 ad
666 526 731 563 Deum
742 527 831 563 conversi

41 574 85 610 sunt.

83 636 179 673 CLXXV.
203 637 240 674 Illo
251 641 337 685 tempore
353 650 416 674 eomes
429 650 525 675 sacrorum
538 639 644 675 officiorum
655 640 737 677 Publius
746 641 828 687 Tarqui-

40 687 99 723 tianus
107 695 149 719 cum
158 683 277 719 innumeram
284 683 429 720 multitudinem
438 683 514 721 Christo
521 685 596 721 videret
604 685 717 730 credidisse,
727 687 829 723 arcessivit

40 729 143 780 praefectos
150 728 251 777 regionum
260 733 280 765 et
289 729 335 765 data
343 729 372 765 eis
380 730 463 776 pecunia
470 731 572 777 persuasit,
580 735 602 766 nt
610 732 712 767 tumultum
722 743 827 768 commove-

39 780 77 814 rent
85 774 176 811 adversus
185 787 255 811 nomen
264 774 400 812 Christianum.

81 852 187 891 CLXXVI.
218 853 372 891 Administrante
392 855 399 889 i
414 856 453 891 itur
473 854 531 891 Urbis
550 855 690 903 praefecturam
710 855 825 894 Mamertino

40 900 105 938 seditio
117 900 171 936 facta
182 904 212 936 est
223 901 291 980 populi
303 900 385 936 Romani
396 867 420 937 'de
428 900 505 936 nomine
514 899 619 937 Clementis
628 905 685 948 atque
694 901 744 938 inter
752 914 773 938 se
782 915 826 939 con-

39 947 73 983 fusi
84 945 133 980 alius
146 946 221 981 aliuda
235 957 301 981 versus
314 958 356 982 eum
369 946 447 983 dicebat
458 946 634 984 contradicentibus
644 950 708 983 saitem
716 946 824 984 nonnullis:

39 991 85 1034 Quid
99 991 150 1026 enim
163 992 210 1027 mali
223 991 271 1027 fecit
283 996 316 1028 aut
328 992 375 1038 quid
382 1005 422 1029 non
431 992 494 1028 bonae
508 992 537 1029 rei
549 992 625 1040 gessit?
649 992 762 1040 Quicunque
775 994 826 1029 enim

39 1040 124 1084 aegrotus
134 1036 158 1073 ab
168 1048 190 1073 eo
198 1037 289 1073 visitatus
298 1041 333 1083 est,
343 1039 446 1074 sanitatem
454 1041 485 1074 est
494 1045 618 1083 1111111111,
631 1039 740 1084 quicimqne
749 1039 825 1075 adeum

39 1081 116 1119 tristitia
126 1082 209 1118 affectus
218 1083 277 1127 abiit,
289 1084 376 1131 gaudens
386 1094 474 1120 reversus
486 1088 525 1128 est3
536 1084 610 1119 nullum
619 1095 702 1129 unquam
710 1084 778 1128 laesit,
787 1085 825 1120 imo

38 1127 106 1176 profuit
114 1128 208 1164 omnibus.
223 1127 264 1164 Alii
272 1132 336 1165 autem
345 1129 441 1166 diabolico
449 1130 527 1165 accensi
536 1129 606 1176 spiritu
615 1128 733 1164 clamabant:
742 1128 826 1176 Magicis

39 1173 108 1210 artibus
120 1174 158 1209 ista
169 1173 244 1209 faciens
257 1175 335 1210 deorum
346 1179 454 1210 nostrorum
466 1174 540 1210 cultum
550 1174 628 1210 euertit:
641 1173 708 1209 Iovem
715 1178 775 1222 negat
784 1187 827 1211 esse

39 1219 101 1264 deum,
113 1219 217 1256 Herculem
227 1231 272 1256 vero
284 1221 383 1256 custodem
394 1223 481 1256 nostrum
493 1219 542 1255 dicit
550 1230 593 1255 esse
606 1219 723 1254 immundum
732 1220 826 1266 spiritum,

39 1265 131 1301 Venerem
143 1270 230 1301 sanctam
237 1266 358 1302 meretricem
365 1266 426 1301 trisse
436 1265 499 1310 dccet,
509 1265 590 1301 Vestam
599 1268 664 1301 autem
672 1276 761 1312 magnam
771 1265 826 1302 deam

38 1311 81 1356 igne
92 1310 154 1346 fuisse
165 1315 297 1358 consumptam
305 1312 438 1347 calumniatur.
462 1310 525 1347 Simili
537 1322 611 1357 quoque
620 1310 676 1346 modo
686 1311 827 1347 sanctissimam

38 1356 149 1401 Minervam,
164 1357 210 1392 11111
221 1357 314 1401 Dianam,
327 1356 443 1393 Mercurium
454 1356 548 1403 simulque
558 1356 663 1393 Saturnum
675 1361 695 1392 11
705 1355 788 1400 Martem
799 1357 827 1393 11-

38 1402 100 1437 famat.
123 1401 188 1448 Atque
201 1403 264 1438 omnia
278 1403 356 1438 deorum
369 1406 477 1439 nostrornm
491 1403 569 1439 nomina
583 1405 603 1437 et
617 1401 689 1449 templa
705 1403 826 1439 contumeliis

38 1446 101 1483 afficit.
125 1446 166 1483 Aut
175 1447 293 1484 sacrtficabit
301 1448 338 1483 diis
347 1449 425 1492 nostris,
434 1451 468 1484 aut
476 1447 518 1494 ipse
528 1448 620 1484 deleatur

80 1525 197 1563 CLXXVII.
221 1527 277 1563 Tunc
290 1527 416 1563 Mamertinus
430 1526 489 1564 Urbis
502 1527 665 1574 111-1111111111
680 1526 744 1563 ferens
758 1527 825 1574 populi

38 1572 150 1608 seditionem
158 1572 215 1608 iussit
221 1573 247 1608 ad
255 1584 276 1608 se
285 1572 468 1609 ducibeatissimum
472 1572 597 1617 Clementem,
619 1583 662 1607 uem
670 1573 753 1607 intuitus
762 1573 826 1619 coepit

37 1617 107 1653 dicere:
119 1618 136 1652 Ε
144 1618 206 1654 nobili
214 1618 291 1665 quidem
298 1618 364 1654 radice
372 1618 470 1665 prodiisti,
483 1618 534 1664 quod
541 1618 597 1653 nohis
624 1629 692 1653 omana
700 1617 756 1664 plebs
765 1621 824 1654 testa-

37 1666 73 1708 tur,
86 1663 120 1699 sed
131 1675 212 1700 errorem
224 1664 310 1708 subiisti,
323 1667 343 1699 et
351 1663 395 1699 ideo
403 1675 442 1699 non
450 1664 515 1699 ferunt
523 1664 630 1707 silentium,
640 1663 685 1709 quia
693 1663 759 1698 nescio
768 1674 824 1709 quem

37 1707 131 1744 Christum
143 1708 191 1745 colis
203 1712 223 1745 et
234 1709 271 1744 diis
284 1709 379 1745 contraria
391 1708 479 1755 suscipis.
503 1708 597 1751 Quocirca
608 1711 693 1754 oportet,
704 1712 727 1743 ut
739 1709 824 1754 deponas

37 1765 109 1790 omnem
118 1754 232 1801 superfluam
243 1754 399 1801 superstitionem
406 1754 501 1800 colasque
514 1765 538 1789 11
549 1756 615 1790 nostro
626 1765 678 1789 more
693 1753 744 1789 deos.
768 1753 824 1790 Tunc

37 1798 102 1836 1111111
112 1799 201 1836 Clemens
210 1799 310 1846 Optarcm,
322 1800 395 1846 inquit,
408 1802 453 1836 tuae
462 1799 589 1836 excellentiae
598 1798 721 1845 prudentiam
730 1799 756 1835 ad
762 1811 826 1835 1111111

37 1844 166 1881 defensionem
173 1846 273 1882 attendere
279 1849 298 1881 et
306 1857 345 1881 nnn
351 1849 430 1892 propter
437 1845 568 1892 imperitorum
575 1844 697 1889 seditionem,
706 1845 741 1880 sed
748 1849 827 1892 propter

37 1891 375 1927 11111111111111111111111111,
398 1890 448 1928 Nam
461 1891 478 1925 si
492 1902 549 1927 canes
563 1890 620 1926 multi
633 1890 775 1936 allatraverint,
788 1902 826 1927 non

36 1940 115 1982 possunt
126 1937 185 1972 etiam
195 1936 270 1973 auferre
282 1936 333 1983 quod
343 1936 430 1972 homines
440 1936 546 1972 rationales
556 1948 630 1980 sumus,
642 1936 718 1983 ipsique
725 1940 826 1972 remanent

37 1992 92 2017 canes
107 1982 231 2018 oblatrantes.
254 1982 332 2018 Etenim
344 1981 414 2019 seditio
427 1994 501 2029 semper
513 1982 537 2019 ab
549 1981 643 2029 imperitis
654 1980 753 2028 proficisci
763 1985 826 2017 osten-

38 2026 94 2071 ditur,
107 2028 156 2064 adeo
167 2032 190 2064 ut
200 2028 250 2063 nihil
260 2027 331 2064 habeat
342 2032 414 2072 tntum,
428 2040 464 2064 nec
477 2028 536 2064 etiam
543 2038 608 2063 verum
615 2030 732 2073 rectumque.
757 2026 826 2068 Quam-

37 2071 100 2108 obrem
108 2070 210 2120 quaeratur
221 2074 296 2109 silentii
303 2073 390 2118 occasio,
402 2073 423 2108 in
430 2085 466 2120 quo
474 2085 509 2119 pro
518 2073 579 2109 salute
588 2084 622 2108 sua
629 2072 686 2107 homo
694 2071 775 2107 rationis
783 2084 825 2118 par-

37 2117 97 2164 ticeps
106 2119 158 2166 apud
166 2132 187 2155 se
196 2119 305 2155 consultare
314 2131 337 2155 ac
345 2119 439 2155 disserere
447 2119 534 2165 incipiat,
544 2130 580 2165 quo
589 2129 654 2154 verum
660 2117 723 2153 Deum
731 2117 824 2161 inveniat,

38 2164 67 2198 cui
75 2165 134 2201 fidem
143 2177 196 2201 suam
205 2165 264 2212 digne
272 2164 398 2201 commendet.

81 2242 209 2280 CLXXVIII.
233 2244 289 2280 Tunc
301 2244 427 2281 Mamertinus
438 2243 547 2289 praefectus
555 2242 717 2278 11111111111111
725 2242 751 2278 ad
759 2241 825 2278 Traia-

37 2299 80 2324 num
88 2290 224 2337 lmperatorem
235 2290 259 2326 de
270 2290 346 2326 nomine
357 2289 411 2325 beati
423 2288 527 2324 Clementis
540 2287 611 2323 detulit
624 2287 699 2323 dicens:
713 2287 770 2323 Hrmc
782 2287 825 2324 Cle·

37 2339 119 2371 mentem
132 2336 230 2372 seditiosis
242 2335 356 2372 clamoribus
368 2333 450 2381 populus
462 2345 500 2370 non
509 2336 573 2369 cessat
582 2343 682 2379 quaerere,
691 2339 710 2368 et
718 2332 757 2368 fide
765 2334 825 2380 digna

37 2381 123 2425 probatio
132 2382 223 2418 adversus
231 2381 284 2417 illius
293 2385 350 2429 gesta
358 2379 440 2415 inveniri
450 2391 489 2415 non
496 2382 567 2426 potest.
592 2379 647 2415 Tunc
660 2379 755 2415 Traianus
763 2378 825 2425 Impe-

35 2483 171 2493 Μ...-

71 2554 110 2599 Cap.
120 2555 206 2589 CLXXV.
232 2554 248 2597 1)
266 2551 416 2600 Τουρκουτιανὸς
444 2549 463 2597 3)
480 2548 572 2586 σύστασιν
589 2553 602 2585 Ο
619 2552 638 2584 in
653 2554 706 2594 textu,
721 2548 790 2586 στάσιν
804 2552 825 2585 ad

38 2597 50 2629 0
445 2609 496 2631 oram.
508 2616 530 2622 -
544 2594 563 2642 4)
577 2598 607 2631 md
621 2608 653 2630 111.
666 2597 685 2630 Ο.
698 2616 721 2620 —
735 2595 825 2642 11111119-

71 2656 110 2701 Cap,
124 2657 219 2691 CLXXVI.
239 2654 257 2702 1)
267 2654 317 2704 ὁμοῦ
327 2658 346 2690 O.
423 2665 425 2667 >
445 2644 495 2698 ξεται
506 2644 525 2677 Ο,

65 2736 111 2788 Cap.
122 2737 226 2772 CLXXVII.
243 2734 261 2816 lg
271 2732 416 2790 rodddpoumiv
480 2733 592 2788 CLXXVIII.
617 2731 698 2778 1)“Τότε
708 2731 825 2789 1111111111ςὸ

37 2788 103 2815 111111
119 2783 154 2817 ord.
171 2784 192 2817 V,
212 2801 235 2806 —
262 2784 267 2824 1
284 2780 342 2817 rariter
358 2783 377 2815 O.
393 2800 416 2805 -
448 2783 586 2827 Τορκουτιεινος
596 2777 699 2822 vulp-2)
709 2783 763 2825 riytov
777 2781 825 2813 O.—
