1827 3065
193 116 224 148 11)
233 116 367 151 cinnamis
375 117 430 151 nou.
441 115 694 155 11111111111101111111,
798 105 839 148 281

47 220 118 284 prodar
130 218 202 267 πίστει,
214 214 280 267 trinorc
292 217 343 261 apud
355 217 451 263 ignatium
460 218 496 264 Ep.
504 229 522 265 p.
531 216 554 252 19
566 220 585 252 et
596 215 684 251 Leonem
695 214 804 267 Diacon3p.
812 216 840 260 20,

47 266 62 299 ,1,
75 281 98 286 -
109 259 132 295 V.
145 259 168 295 14
178 259 235 295 11111111
247 266 277 296 est
285 261 330 299 ὠσεὶ
341 274 352 297 a
367 263 488 308 Schweglero
501 263 662 299 commendatum.
686 261 752 297 Proba
765 261 842 296 1111111111·

47 306 251 390 iiffiiluglazcsffiiliffl:
260 306 285 347 ὥς
296 311 323 349 εἰς
331 307 365 345 τὸν
377 310 411 345 τοῦ
420 312 516 357 Καίσαρος
523 309 588 357 λόγου,
603 311 709 354 „tanquam
718 306 743 342 ad
754 305 841 342 similitu.

91 396 113 432 P.
122 396 161 442 222,
170 397 182 431 3
190 396 303 443 recipienda
310 402 352 433 erat
359 399 432 435 codicis
442 399 457 435 O
466 400 537 437 lectio:
547 402 635 440 πεισθεὶς
646 403 684 435 εἴτε
696 400 760 444 λαβεῖν
768 401 811 434 εἴτε,
820 418 840 423 -

47 445 70 480 V.
78 442 100 477 13
109 454 151 489 sqq.
160 442 233 477 editunr
242 446 281 477 cst:
290 443 335 479 αὐτὸ
344 446 378 486 (sc.
387 444 408 481 τὸ
417 444 478 492 ὄνομα
488 444 539 486 Θεὸς)
550 446 617 494 ἀτιμίᾳ
630 444 678 482 ὅσον
690 443 712 480 τὸ
724 442 763 480 κατ’
773 442 842 484 αὐτοὺς

48 490 145 534 ὑπέβαλον.
155 488 217 535 οἱμὲν
227 487 263 535 γὰρ
272 488 334 525 αὐτῶν
342 491 450 535 παρέδοσαν
464 492 509 536 βοῦν
521 490 555 528 τὸν
563 490 668 540 λεγόμενον
678 489 735 527 Ἆπιν
747 492 814 536 σέβειν,
823 491 843 524 οἱ

48 537 68 571 di
82 532 160 581 τράνον,
177 536 196 569 οἰ
210 535 231 570 δὲ
244 537 340 581 αἴλουρον,
358 537 377 571 οἱ
391 536 412 571 δὲ
426 535 481 582 ὅφιν,
495 536 539 572 ἀλλὰ
553 541 583 573 καὶ
598 536 655 583 ἰχθὺν
668 540 700 573 καὶ
710 533 800 586 κρόμμυα
810 538 842 571 καὶ
856 539 860 546 ’

48 582 135 636 μαιστρών
149 578 248 628 πνεύματα
261 583 292 616 καὶ
303 579 381 628 ὀχετοὺς
391 584 422 617 ναὶ
432 580 506 628 ἀλόγων
521 580 571 624 ζώων
582 586 635 632 μέλη.
649 586 680 618 καὶ
691 580 754 634 ἀλλοις
765 584 842 632 μυρίοις

48 639 98 663 πανο
107 629 193 672 αἰσχροῖς
200 624 327 672 ἀτοπήμασιν,
344 625 414 661 Mirum
423 631 458 671 est,
466 627 586 662 nullumdum
596 627 700 663 offendisse
709 639 729 662 m
736 630 842 673 postrenus

48 671 117 715 verbis,
126 673 199 718 quippe
207 682 257 718 quae
265 683 304 707 non
312 669 406 717 babeant,
417 672 470 707 unde
477 673 581 717 pendeant.
604 674 671 709 Possit
679 673 758 721 quidem
767 671 839 719 aliquis

49 716 136 763 cogitare
151 716 282 752 construenda
296 728 339 753 esse
356 717 514 762 οι111ὑπέαλον,
527 722 547 754 11
560 718 650 765 equidem
664 729 742 764 vereor,
755 722 778 753 111
789 722 841 763 apte.

48 761 135 805 Accedit,
145 762 197 809 quod
206 760 287 798 Rufinus
296 763 316 798 in
324 762 427 810 Recognit.
457 790 461 808 ,
469 763 492 798 20
500 764 528 799 ita
537 768 566 800 est
578 766 726 809 interpretatus:
739 763 841 807 „omnibus

48 807 173 845 nihilominus
186 807 308 843 contumeliis
322 819 392 844 nomen
400 809 581 845 incommunicabile
594 810 724 856 subjecerunt.
748 808 798 844 Nam
807 808 842 844 alii

49 866 113 890 eorum
127 853 205 899 bovem,
220 854 253 900 qui
268 853 317 900 Apis
333 854 412 899 dicitur,
430 854 530 890 colendum
544 854 652 899 tradidere,
667 854 795 899 aliiliircum,
807 855 841 890 alii

49 903 120 944 cattas,
134 899 223 935 nonnulli
234 899 290 945 ibim,
302 899 380 946 quidam
392 904 509 946 serpentem,
523 901 596 947 piscem
609 912 696 948 quoque,
708 904 729 936 et
736 911 813 946 caepas,
822 904 842 935 et

50 947 131 987 cloacas,
141 944 226 989 crepitus
234 944 314 991 ventris,
322 957 358 991 pro
366 946 476 981 numinibus
484 946 584 983 habendos
593 957 636 982 esse
645 947 759 991 docuerunt,
769 949 789 981 et
802 945 842 981 alia

48 990 198 1027 innumerabilia
206 1002 256 1037 quae
265 992 326 1037 pudet
335 991 392 1027 etiam
403 991 520 1028 nominar·e.“
543 991 611 1027 Facile
622 995 704 1038 apparet
713 991 793 1035 librum,
802 1003 841 1038 quo

49 1037 140 1073 utebatur
153 1034 245 1082 Rufinus,
260 1035 279 1071 in
292 1036 330 1073 hac
345 1042 399 1084 parte
412 1036 563 1073 emendatiorem
577 1036 644 1073 fuisse.
667 1038 691 1072 ln
702 1048 725 1073 eo
738 1037 789 1073 enim
802 1049 842 1073 non

24 1101 26 1104 ·
49 1083 111 1118 solum
127 1086 173 1117 ante
189 1086 208 1118 οἱ
222 1083 243 1119 δὲ
257 1081 304 1130 ὅφιν
322 1088 398 1118 servata
414 1088 470 1118 erant
488 1083 556 1119 verba:
575 1085 597 1118 οἱ
613 1084 637 1118 di
653 1084 706 1128 ἶβιν,
728 1083 763 1117 sed
783 1083 842 1118 etiam

49 1131 148 1173 postrema
161 1127 230 1173 verba,
247 1129 271 1164 de
286 1128 355 1174 quibus
367 1129 488 1174 potissimum
501 1129 574 1174 agitur,
588 1127 646 1163 aliter
658 1132 677 1163 et
688 1127 752 1173 aptius
764 1127 843 1174 quidem

49 1172 129 1230 tradita,
141 1173 170 1208 sic
179 1172 255 1219 opinor:
269 1194 292 1199 —
304 1176 359 1220 με’λη,
372 1177 403 1210 καὶ
416 1173 470 1210 ἄλλα
481 1173 559 1223 μύρια,
572 1172 624 1209 πάνυ
637 1171 723 1220 αῖσχρά
737 1177 774 1209 καὶ
787 1173 842 1210 ὀνο-

69 1230 128 1256 [rosit.

50 1234 63 1266 p
93 1264 115 1299 P.
123 1264 183 1310 223,6
196 1275 224 1310 sq.
237 1264 330 1310 scriptum
344 1265 449 1310 reperitur:
462 1265 503 1305 πῶς
515 1265 536 1300 di
546 1264 630 1300 κάκεῖνοι
641 1262 695 1312 ὑμῶν
706 1264 843 1311 καταγελῶντες

49 1313 143 1356 λέγουσιν,
160 1309 261 1346 ἀκούσατε·
276 1310 334 1358 ἡμεῖς,
349 1315 418 1358 φασίν,
433 1314 449 1346 εἰ
464 1313 495 1346 καὶ
510 1309 619 1355 θνήσκοντα
634 1310 782 1357 προσκυνοῦμεν
797 1314 843 1351 cett.

51 1359 113 1393 Φασίν
121 1355 208 1401 reposuit
221 1354 362 1401 Schweglerus.
380 1355 436 1391 Libri
448 1367 514 1390 mser:
529 1359 594 1403 φησίν,
617 1354 644 1389 At
656 1354 714 1399 enim,
726 1366 843 1402 quamquam

49 1400 134 1446 proxime
149 1400 246 1447 sequitur:
260 1401 309 1448 πρὸς
323 1400 399 1441 τούτοις
412 1406 479 1449 φασίν,
492 1401 559 1436 nescio
575 1400 665 1448 equidem
679 1411 704 1435 an
718 1399 766 1435 ferri
781 1401 845 1446 possit

48 1446 102 1489 illud,
127 1447 187 1493 uippe
196 1446 247 1493 quod
257 1446 335 1494 saepius
343 1446 401 1493 plane
411 1447 531 1493 respondeat
542 1446 665 1493 germanicae
677 1445 758 1481 dictioni
770 1445 845 1490 „heisst

49 1495 87 1528 es“.
132 1503 142 1527 e
156 1492 216 1527 verbo
229 1495 288 1539 φησὶν
299 1492 351 1528 nude
362 1492 427 1539 posito
441 1493 475 1527 cfr.
490 1503 540 1539 quae
552 1491 701 1538 disputaverunt
711 1491 804 1527 Davisius
819 1494 844 1528 ad

49 1538 126 1575 illenim.
135 1537 181 1583 Tyr.
190 1549 208 1583 p.
217 1538 279 1573 53611
290 1538 315 1574 ad
324 1537 412 1574 Ciceron.
424 1537 529 1574 Tusculan.
539 1538 553 1579 1,
562 1537 590 1582 32,
602 1536 704 1583 Bentlejus
717 1541 737 1572 et
747 1536 844 1575 Heindor-

49 1583 85 1619 fius
93 1583 119 1619 ad
126 1583 196 1618 Horat.
205 1581 266 1619 Serm.
274 1583 289 1630 Ι,
297 1583 314 1628 4,
323 1583 351 1628 79,
360 1582 485 1620 Heindorfius
497 1584 521 1619 ad
529 1583 605 1618 Platon.
614 1582 686 1628 Georg.
696 1581 714 1618 S.
719 1582 758 1628 166,
767 1583 843 1619 Heinri-

51 1629 106 1665 chius
115 1628 140 1664 ad
148 1628 237 1665 Juvenal.
246 1627 286 1664 Sat.
293 1630 328 1674 ΙΙΙ,
338 1630 380 1671 153,
393 1628 499 1665 Greuzerus
508 1630 533 1664 ad
545 1628 614 1664 Plotin.
623 1629 654 1663 ed.
664 1628 767 1664 Oxoniens.
776 1629 798 1664 Τ.
807 1629 844 1673 lll,

64 1675 93 1720 ,3,
102 1673 243 1710 Boissouadius
252 1675 277 1709 ad
288 1674 359 1710 Marini
366 1675 405 1711 Vir.
414 1675 478 1710 Procli
487 1687 505 1718 p.
514 1674 553 1709 142.
577 1674 629 1710 Usus
643 1673 733 1709 dictionis
745 1685 809 1720 neque
823 1674 844 1709 in

69 1719 140 1756 omiliis
148 1721 177 1755 ita
184 1731 245 1762 rarus,
255 1721 289 1755 cfr.
298 1731 315 1756 e.
323 1731 352 1766 gr.
359 1732 378 1766 p.
386 1720 425 1763 184,
434 1720 450 1764 1,
463 1720 503 1766 207,
512 1720 539 1764 18,
552 1719 592 1768 227,
601 1720 613 1755 4
621 1722 640 1755 et
648 1719 664 1764 2,
673 1719 748 1765 233,12,
757 1731 775 1765 p.
784 1720 824 1765 234,
833 1720 844 1755 8

50 1766 106 1810 1116,
115 1765 154 1810 235,
164 1764 190 1800 16.
199 1786 221 1791 -
234 1765 277 1801 V.8
290 1765 356 1801 forsan
370 1765 502 1801 scribendum:
514 1765 552 1802 ἀλλ’
568 1769 603 1802 οὐν
615 1778 644 1811 με,
660 1765 730 1811 quibus
743 1766 844 1810 particulis

50 1811 159 1857 conjunctis
169 1811 246 1857 saepius
254 1812 315 1846 utitur
324 1810 356 1847 bic
365 1811 456 1857 scriptor,
469 1811 503 1846 cfr.
513 1823 529 1846 e.
539 1823 566 1858 gr.
575 1823 593 1857 p.
601 1810 642 1856 234,
650 1811 678 1856 14,
689 1811 730 1854 235,
738 1813 755 1857 5,
767 1811 807 1854 242,
816 1812 844 1846 16.

46 1857 91 1895 2411*
102 1855 136 1894 οὗν
147 1870 169 1904 με
179 1854 215 1894 κάν
224 1860 254 1892 est
266 1857 322 1893 etiam
333 1869 352 1904 p.
360 1856 400 1901 200,
412 1856 429 1892 9.
440 1877 462 1883 -
473 1856 497 1894 V.
510 1858 532 1893 10
544 1857 677 1893 scribendum:
692 1855 748 1906 ὁμῶς.
759 1877 783 1882 -
790 1856 813 1893 V.
822 1857 845 1892 12

50 1904 124 1939 nullam
137 1903 194 1939 video
205 1903 308 1947 rationem,
324 1914 358 1938 cur
369 1902 505 1950 Schweglerus
518 1902 634 1949 scripturam
647 1901 748 1950 utriusque
761 1903 845 1939 codicis:

14 1988 15 1992 ,
50 1949 183 1995 ἀποκρίνασθε,
192 1948 473 1997 111111111111111ἀποκρίνεσθε.
496 1949 551 1985 Idem
560 1950 617 1985 bomo
629 1949 698 1984 doctus
706 1960 724 1994 p.
732 1948 772 1994 230,
780 1949 791 1983 5
801 1949 844 1995 pari

50 1994 121 2042 injuria
132 2006 167 2040 pro
176 1997 265 2041 γένεσθε,
279 1996 332 2042 quod
345 1994 406 2031 estin
418 1994 474 2030 libris
485 2006 547 2040 mser,
558 1994 654 2041 reposuit:
666 1997 748 2040 γίνεσθε.
774 1993 846 2030 Contra

50 2053 69 2088 p.
77 2040 117 2083 248,
126 2041 148 2076 11
156 2040 240 2076 intactos
248 2040 353 2088 reliquerat
360 2040 428 2077 coristi
436 2040 560 2087 imperativos
568 2040 662 2090 καθάρατε
671 2044 690 2074 11
697 2038 788 2082 πλύνατε,
798 2052 845 2087 quo-

50 2099 92 2122 rum
100 2087 229 2134 posteriorem
237 2086 355 2133 Dresselius,
366 2088 453 2123 codicem
462 2087 478 2122 0
488 2090 575 2132 secutus,
586 2097 654 2132 parum
666 2088 712 2130 apte
721 2086 846 2121 commutavit

51 2144 94 2169 cum
108 2132 218 2179 praesentis
230 2132 344 2178 imperativo
357 2131 442 2171 πλύνετε.
456 2153 476 2159 -
491 2132 515 2169 V.
524 2133 547 2168 14
555 2144 597 2180 sqq.
608 2132 628 2166 in
639 2131 713 2166 verbis:
728 2134 747 2166 ot
761 2132 798 2182 μὲν
809 2131 844 2179 yde

51 2178 105 2227 ὑμῶν
113 2178 213 2228 κρόμμυον
221 2177 362 2224 ὑπονοήσαντες
371 2181 417 2216 εἶναι
426 2178 448 2215 τὸ
457 2184 511 2215 θεῖον
522 2182 552 2215 καὶ
560 2177 643 2226 μαστοὺς
650 2175 750 2226 πνεύματα
759 2181 846 2224 σέβοντες

51 2226 179 2273 πολεμοῦσιν·
194 2228 225 2260 καὶ
241 2223 300 2265 οὕτως
315 2224 386 2272 ὁμοίως
402 2228 421 2260 οἱ
437 2224 506 2264 πάντες
518 2225 538 2261 ἕν
553 2239 570 2260 τι
585 2220 737 2270 προτιμήσαντες
752 2223 774 2260 τὰ
786 2222 846 2261 ἀλλων

52 2275 126 2318 ψέγετε,
135 2270 223 2305 lacunam
234 2281 276 2305 esse
283 2275 329 2315 post
337 2272 441 2318 πολεμοῦσι
450 2281 563 2315 persuasum
575 2270 645 2307 liabeo,
668 2268 718 2305 Erat
728 2273 792 2305 auteur
801 2273 846 2315 post

51 2315 89 2353 hoc
95 2317 158 2362 ipsum
164 2315 280 2351 vocabulum
288 2315 360 2354 mentio
368 2315 440 2362 injecta
448 2326 518 2360 eorum,
528 2315 760 2364 quibuscumpugnarent
766 2327 846 2361 eaepam

53 2373 108 2398 suum
116 2372 188 2398 numen
196 2360 328 2397 existimantes
337 2364 357 2396 et
364 2361 437 2397 ventris
447 2360 531 2407 crepitus
541 2360 638 2407 colentes,
651 2362 721 2399 deinde
730 2361 845 2406 sequebatur

52 2408 114 2444 altera
126 2407 221 2443 enuntiati
234 2418 278 2453 pars
290 2407 314 2443 ab
327 2410 346 2443 οἱ
357 2408 378 2443 dt
390 2406 494 2453 incipiens,
508 2407 529 2441 in
542 2418 580 2453 qua
594 2420 660 2444 rursus
672 2408 714 2444 bini
726 2407 846 2442 diversorum

52 2453 138 2490 cultores
151 2453 201 2489 inter
216 2463 237 2488 se
250 2451 367 2488 dissidentes
385 2453 593 2500 commemorabantur,
608 2458 650 2489 tum
665 2455 741 2489 demum
757 2452 846 2499 subjicie-

51 2498 122 2536 bantur
130 2499 189 2535 verba
197 2502 228 2535 καὶ
236 2496 294 2539 odim}
303 2498 374 2547 ὁμοίιος
382 2509 423 2545 sqq.

97 2546 119 2581 P.
127 2544 182 2588 2241
192 2543 281 2591 equidem
287 2550 332 2579 ante
341 2544 369 2580 ἔτι,
378 2543 472 2579 excidisse
479 2544 556 2590 opinor:
566 2545 625 2580 ἔνιοι
633 2573 637 2586 ,
645 2544 684 2580 nisi
692 2545 735 2591 quis
742 2544 819 2591 mavult,
826 2545 847 2580 in

52 2589 94 2636 ipso
106 2589 200 2628 vocabulo
210 2591 235 2626 in
248 2590 317 2626 latere:
330 2593 383 2627 ἔνιοι.
391 2610 413 2615 -
427 2589 451 2625 V.
462 2589 473 2624 3
485 2601 542 2636 quun:
553 2590 595 2625 cod.
605 2589 621 2625 Ο
633 2602 668 2636 pro
679 2589 781 2631 ἀπονοίας,
794 2592 847 2637 qnod

53 2638 110 2673 estin
119 2637 162 2674 cod.
172 2634 192 2681 G,
201 2635 304 2682 praebeat:
317 2638 411 2680 ἐπινοίας,
423 2635 472 2670 illud
483 2646 529 2671 vero
538 2641 617 2681 proptor
627 2636 696 2671 verca:
708 2635 731 2672 τά
743 2638 778 2672 τοῦ
786 2636 849 2685 ὀρθ-οῦ

22 2694 25 2698 ’
54 2685 147 2732 λογισμοῦ
161 2686 251 2723 πνέοντες
264 2681 507 2728 111111111111111111111111·,
522 2681 626 2728 legendum
633 2682 770 2728 proponimus:
788 2683 848 2720 ῦπα-

52 2741 77 2764 νο
84 2733 124 2772 ίας,
137 2739 186 2775 quae
194 2739 236 2772 vox,
246 2740 263 2762 in
270 2739 329 2763 eram
338 2727 474 2773 opinionem
483 2728 601 2773 significans,
610 2728 657 2763 satis
667 2729 749 2774 quadrat
757 2728 782 2764 ad
789 2730 849 2765 verba

53 2772 78 2810 τώ
87 2776 119 2820 τῆς
127 2773 203 2819 ἀπάτης.
219 2772 257 2810 cfr.
267 2773 325 2809 etiam
332 2773 396 2816 locus,
408 2772 442 2820 qni
451 2776 480 2808 est
489 2784 507 2818 p.
515 2772 557 2815 226,
567 2771 583 2818 8,
591 2773 626 2808 ubi
635 2773 748 2809 dictionem:
762 2776 794 2820 τῆς
802 2779 847 2811 λοσ-

54 2819 127 2862 σώὸοιις
135 2820 231 2863 ὑπονοίας,
241 2819 311 2866 injuria
319 2819 401 2856 tentarit
410 2819 550 2866 Sclrweglerus.
562 2840 585 2845 —
596 2818 658 2857 Porro
667 2819 746 2857 offendo
755 2821 775 2856 in
783 2821 848 2858 vorbis
