1827 3065
328 130 433 164 nrrrourr
445 131 520 163 aaron.
782 115 822 158 107

4 271 6 273 ,
37 239 104 283 dedisti
111 233 206 282 Apostolo
214 235 247 267 tuo
256 230 314 284 Petro
322 233 343 265 et
352 228 428 265 dixisti:
443 230 493 272 Quae
502 231 604 277 aperueris,
613 233 680 275 apertu
686 231 744 272 eruat,
752 232 769 261 et
777 237 824 271 qaae

0 320 2 324 ,
37 284 127 328 clauseris,
137 281 203 316 clarae
211 281 273 321 emeret,
285 287 327 323 1pse
336 278 356 311 et
364 276 418 321 aperi
427 287 495 312 caecos
503 276 540 313 viri
547 276 604 312 huius
613 274 679 311 oeulos
688 285 711 310 ac
720 284 775 310 aures
784 285 823 308 sur-

9 361 12 364 ,
37 338 67 373 das
82 325 170 377 quiahoc
178 323 237 360 etiam
246 321 319 357 dictum
327 325 381 356 tuum
390 325 428 357 est:
448 322 569 369 Qaecczraqae
577 321 671 368 petieritis
679 320 781 365 eredentes,
792 331 823 354 ee-

11 385 12 388 ’
36 360 108 428 ripiettr,
117 375 137 409 et
144 370 192 406 haec
200 373 234 405 tua
254 367 343 403 remissio
351 370 451 413 permanet
459 367 480 402 in
487 372 590 404 aeternum.
611 366 643 402 Ita
650 369 753 413 postquam
761 364 823 401 oravit

48 418 139 462 atriarcha
150 414 213 461 etqui
224 425 236 449 a
251 417 304 449 erant
314 412 455 459 responderunt
463 425 526 459 amen,
539 414 592 449 illico
604 413 703 449 oculorum
711 411 823 457 auriumque

36 471 100 508 vitium
108 464 215 499 discussum
222 462 257 495 est.
270 458 300 495 Ae
307 458 404 495 Sisinnius
411 458 466 506 quasi
474 470 497 494 ex
506 471 571 496 somno
580 458 728 507 expergefactus
737 457 823 493 beatum-

2 548 4 550 ,
38 527 71 564 que
79 510 197 548 Clementem
206 517 249 541 eum
256 516 314 541 uxore
324 507 408 540 stantem
416 515 496 540 cerneus
504 506 574 541 malam
583 505 654 541 stultus
662 507 729 540 sancto
735 514 822 539 remune-

5 579 6 582 ¹
36 561 124 598 rationem
133 552 192 588 dedit.
216 550 288 586 Praece
302 550 318 585 it
330 550 390 597 igitur
398 549 486 594 famulis,
494 555 516 586 ut
525 552 591 587 statim
599 550 729 598 patriarcham
737 559 822 595 compre-

36 602 146 645 henderent,
161 609 198 644 quo
209 607 282 643 poenas
288 564 387 632 iaesionis
401 596 460 632 daret.
484 594 619 633 Arbitrabatur
631 597 691 642 enim,
703 595 822 643 praestigias

0 678 1 681 η
37 649 123 699 quasdam
132 655 181 688 esse,
190 642 240 688 quod
250 653 292 677 eum
300 642 353 689 prius
362 642 459 678 oculorum
465 641 575 689 auriumque
584 654 621 677 usn
629 643 706 690 privari,
714 646 822 689 posteaque

38 696 118 744 aspicere
128 693 147 725 et
156 689 221 724 audire
230 687 317 724 iecisset.

7 776 9 778 r
78 745 163 786 CLVIII.
178 745 248 791 Itaque
257 745 307 780 servi
316 743 401 780 studiose
409 744 488 790 exsequi
496 743 519 780 de
528 745 569 789 illo,
579 755 627 790 quae
636 744 730 792 imperata
738 745 821 789 fuerant,

0 802 3 803 ’
36 797 146 835 nitebantur.
169 791 214 827 Non
222 790 401 826 animadvertebant
410 793 483 834 autem,
495 791 546 836 quod
558 790 667 826 adiacentia
676 802 722 826 saxa
734 795 754 826 et
766 790 822 837 ligna

0 871 1 874 ,
10 870 11 873 ,
36 842 138 889 tangerent,
148 847 208 883 eaque
216 835 314 872 traherent
322 847 345 871 ao
353 835 447 882 ligarent,
459 838 517 881 atque
525 836 562 871 huc
571 836 656 883 illucque
665 836 733 871 insane
741 837 821 872 cireum-

5 891 10 901 ⁶
38 887 128 925 ducerent.
151 882 209 917 Porro
218 881 238 916 id
247 881 306 917 etiam
314 880 399 917 Sisimrio
407 881 515 927 videbatur,
524 893 547 917 ac
556 881 597 928 ipse
606 892 681 928 quoque
690 881 822 925 existimabat,

7 949 9 951 ·
37 927 434 982 patriarchamafamulisvinctumteneri.
458 926 478 962 Is
486 930 552 963 tamen
559 927 608 963 nihil
621 928 644 963 ab
653 927 725 973 iniquis
734 927 774 963 illis
782 939 821 963 ma·

3 1009 5 1011 r
38 980 89 1015 nibus
97 973 213 1023 patiebatur,
221 984 257 1009 nec
266 973 328 1009 levem
339 972 445 1009 tactionem
452 972 557 1020 perferens,
565 984 601 1008 nec
609 974 678 1009 mediis
687 975 708 1008 in
715 973 772 1009 malis
781 973 822 1021 agi·

0 1051 2 1067 2
37 1028 90 1061 tatus.
112 1020 221 1065 Posteaque
233 1018 259 1054 ad
270 1018 324 1054 illum
334 1018 442 1054 dementem
449 1018 556 1065 respicIens
566 1017 633 1064 Corde,
642 1019 711 1065 inquit,
720 1019 821 1054 induratus

37 1082 55 1106 es
66 1068 92 1103 sic
104 1077 149 1101 saxa
160 1067 180 1100 et
191 1064 246 1111 ligna
256 1075 334 1100 movens
345 1067 444 1111 totamque
455 1064 476 1099 in
487 1075 509 1099 ea
517 1064 565 1099 iram
573 1064 689 1109 immittens,
698 1075 747 1110 quae
755 1064 821 1111 paullo

37 1118 78 1151 ante
85 1109 192 1147 honorabas
201 1114 221 1145 et
228 1113 251 1144 ut
260 1109 305 1145 deos
315 1110 397 1146 colebas.
417 1110 455 1145 Ille
463 1120 508 1145 vero
518 1108 556 1145 Sed
565 1121 601 1156 ego
609 1112 636 1153 te,
645 1110 714 1155 inquit,
722 1111 773 1145 male
781 1120 823 1155 per·

38 1161 77 1196 dam
87 1157 144 1200 adeo,
157 1159 179 1191 ut
190 1155 248 1191 multi
260 1155 419 1203 praestigiatores
431 1155 477 1190 hino
488 1157 564 1190 mutent
575 1158 660 1190 mentem
669 1166 692 1190 ac
700 1153 823 1201 resipiscant,

37 1205 127 1249 iidemque
134 1201 237 1248 plurimum
245 1201 349 1246 lucrentur,
358 1212 392 1248 per
400 1212 449 1247 quae
457 1204 479 1235 tu
486 1200 567 1247 patieris
576 1200 695 1247 gravissima.

78 1264 145 1301 CLIX
168 1264 223 1299 Haec
238 1263 272 1299 ille
285 1264 363 1311 quidem
374 1263 453 1299 inflatus
465 1262 517 1309 apud
528 1273 561 1298 eos
575 1262 609 1308 qui
620 1262 700 1298 aderant
713 1262 824 1309 proferebat

2 1311 8 1337 ἵ
37 1316 54 1347 et
62 1311 151 1359 glorians,
161 1321 181 1346 se
189 1308 318 1356 patriarcham
326 1309 409 1345 vinculis
419 1308 531 1344 subiecisse.
554 1306 581 1343 At
589 1308 627 1344 iste
635 1320 672 1345 nee
681 1308 709 1344 sic
718 1320 762 1350 eum
770 1320 823 1344 aver-

37 1361 86 1394 satus
97 1359 135 1400 est,
149 1355 184 1391 sed
194 1355 300 1392 benedicta
311 1355 394 1402 coniuge
407 1354 460 1389 illius
472 1358 493 1390 et
503 1353 524 1390 in
531 1354 593 1390 bonas
601 1354 646 1391 illas
655 1354 823 1401 obsequentesque

0 1434 4 1438 .
36 1414 86 1438 aures
95 1405 185 1447 tanquam
198 1401 218 1436 in
231 1413 297 1448 agrum
309 1401 405 1447 quendam
413 1404 475 1436 terrae
486 1400 593 1446 profirndae
601 1412 625 1436 ac
632 1401 725 1448 pinguem
734 1400 823 1436 demissis

36 1447 121 1484 uberibus
129 1446 209 1494 pietatis
219 1446 324 1483 seminibus
333 1446 429 1482 abscessit
438 1447 457 1482 ei
467 1446 599 1493 praecipiens,
609 1450 667 1482 autea
674 1457 699 1481 ne
707 1447 782 1492 precari
791 1446 823 1481 de-

37 1493 114 1537 sisteret,
124 1493 187 1538 quoad
195 1492 256 1527 virum
264 1493 289 1528 ad
296 1493 385 1528 veritatis
394 1493 526 1538 cognitionem
534 1491 652 1528 adduxisset.
675 1491 723 1527 Cum
732 1503 777 1539 ergo
786 1491 823 1527 fer-

1 1558 2 1561 =
36 1538 107 1574 ventius
120 1538 146 1574 ad
159 1538 265 1574 orationem
278 1538 398 1574 incumberet
412 1538 524 1583 Theodora,
540 1541 621 1585 apparet
637 1538 668 1573 illi
683 1537 708 1574 ad
723 1549 823 1585 vesperam

0 1594 2 1596 ·
37 1584 108 1629 quidam
114 1583 143 1618 vir
149 1584 266 1620 venerabilis
272 1588 292 1620 et
301 1584 378 1631 capillis
387 1584 441 1620 canis
450 1583 630 1631 (videbatmautem
636 1595 679 1620 esse
685 1583 757 1629 primus
766 1583 823 1619 disci-

37 1630 120 1675 pulorum
130 1629 208 1674 Petrus,
223 1630 312 1676 magistri
324 1630 399 1666 calidus
410 1629 492 1677 amator)
504 1633 524 1665 et
535 1629 563 1665 ait
576 1629 601 1664 ad
615 1641 666 1665 eam:
677 1629 760 1675 Propter
770 1633 799 1673 te,
812 1640 823 1664 o

37 1675 111 1720 mulier,
124 1686 181 1710 sanus
193 1676 230 1711 erit
242 1674 347 1720 sisinnius,
361 1679 383 1711 ut
395 1679 415 1711 et
426 1677 455 1711 vir
465 1675 570 1710 secundum
580 1674 658 1710 fratrem
670 1686 733 1710 meum
740 1675 822 1710 Paulum

41 1724 114 1756 sanctus
123 1720 220 1757 efficiatur
227 1732 261 1768 per
268 1722 372 1757 mulierem.
396 1721 470 1763 Quibus
479 1720 556 1767 quidem
565 1720 622 1755 dictis
630 1720 664 1756 ille
673 1720 728 1756 abiit.

1 1824 3 1826 ,
78 1782 135 1819 CLX.
154 1782 249 1819 Sisinnius
257 1794 302 1819 vero
311 1783 377 1819 statim
385 1787 406 1819 et
414 1783 470 1830 quasi
478 1794 501 1818 ex
509 1786 610 1829 compacto
618 1782 721 1819 Theodora
728 1784 823 1820 arcessita

37 1832 80 1878 terat
88 1833 153 1865 autern
160 1829 227 1875 utique
234 1828 267 1865 hio
275 1828 320 1864 finis
327 1828 415 1873 visionis,
424 1840 473 1875 quae
481 1828 520 1875 ipsi
527 1832 648 1875 apparuerat)
660 1829 713 1875 apud
721 1840 763 1865 eam
771 1841 822 1866 amo-

0 1914 2 1917 ,
35 1884 64 1924 ris,
73 1874 110 1910 cibi
119 1874 233 1919 communis,
246 1875 344 1911 convietus
356 1886 379 1910 ac
389 1875 476 1922 reliquae
488 1886 553 1910 omnes
565 1874 705 1911 communionis
713 1874 762 1911 facit
770 1887 821 1911 men-

0 1942 6 1966 ,
35 1920 102 1956 tionem
110 1931 212 1967 eorumque
221 1920 304 1956 omnium
311 1932 370 1956 uuam
378 1921 461 1967 gratiam
471 1920 536 1967 poscit
548 1920 688 1968 coniugemque
695 1925 753 1968 rogat
761 1925 781 1957 et
789 1922 822 1957 ob-

6 1978 7 1981 *
35 1966 121 2015 testatur,
135 1969 158 2001 ut
168 1966 232 2002 Deum
244 1969 294 2012 oret,
309 1978 346 2013 quo
359 1966 398 2013 ipsi
410 1966 532 2002 dimittantur
543 1967 700 2013 quaepeceavit,
715 1967 822 2014 salutisque

0 2031 7 2043 .=
35 2020 82 2060 yram
90 2011 213 2048 demonstret.
225 2012 297 2049 Postea
304 2012 347 2060 ipse
355 2012 385 2048 sui
393 2016 495 2049 accusator
503 2011 594 2058 efficitur,
604 2017 712 2060 cunctaque
719 2024 739 2049 se
745 2017 824 2060 propter

38 2053 87 2091 iilam
95 2057 166 2093 fecisse
174 2070 197 2094 ac
205 2057 308 2105 pertulisse
317 2062 456 2095 commemorat.

0 2141 2 2143 μ
77 2112 144 2149 CLXI.
162 2115 206 2163 Ego
214 2115 272 2159 enim,
281 2115 353 2162 inquit,
362 2115 461 2163 zelotypia
468 2116 498 2152 tui
507 2117 576 2152 ductus
585 2127 632 2161 sum,
642 2115 693 2162 quod
701 2126 731 2151 me
740 2116 823 2163 coniuge

3 2180 5 2182 ν
36 2158 122 2205 neglecto
136 2160 161 2196 ad
175 2161 273 2208 hospitem
284 2161 335 2197 hrmc
349 2161 464 2198 adventures
481 2166 508 2205 (et
522 2162 598 2197 addidit
609 2173 679 2197 nomen
689 2161 823 2208 patriarchae),

35 2208 147 2252 naturaeque
159 2207 314 2253 perturbationes
328 2219 351 2243 ae
363 2218 386 2243 ex
397 2207 523 2244 fluctuatione
538 2210 589 2244 ortos
603 2208 697 2243 tumultus
708 2219 747 2243 non
759 2207 824 2244 ferens

37 2253 110 2285 coactus
119 2264 161 2287 sum
168 2257 195 2298 te,
205 2265 248 2288 oum
256 2253 282 2289 ad
291 2253 395 2289 eeclesiam
403 2254 450 2298 ires,
463 2253 564 2289 observare
572 2256 631 2299 atque
639 2254 712 2298 videre,
722 2265 771 2300 quae
779 2265 824 2301 age-

0 2343 1 2346 *
35 2290 106 2331 bantur.
118 2296 219 2345 Ingressus
229 2310 275 2347 ergo
286 2302 306 2335 et
314 2299 356 2346 ipse
363 2303 409 2346 post
416 2303 437 2334 te
446 2299 466 2335 in
474 2300 567 2346 templum
573 2299 672 2346 oculisque
680 2299 766 2345 curiosis,
775 2311 824 2347 quae

35 2391 160 2403 Ἠ

36 2450 227 2503 buaren.1o,ie.-
241 2459 260 2507 3)
273 2459 294 2496 ze
306 2473 338 2495 om.
346 2462 382 2494 sn.
390 2480 414 2485 -
477 2461 517 2505 cap.
526 2462 587 2496 orm.
600 2459 619 2507 1)
628 2459 650 2497 ru
658 2462 824 2496 aduersarer.-

35 2494 53 2558 .4)
61 2505 90 2537 καὶ
98 2501 145 2554 ’άπερ
154 2509 198 2542 BCD
207 2511 224 2541 et
232 2509 254 2541 al.
262 2519 289 2552 ap.
298 2508 334 2541 Cot.
351 2508 412 2541 Matth.
442 2505 459 2550 2)
469 2504 533 2542 ἀπιὼν
541 2504 600 2552 ᾤχετο
609 2509 630 2541 al.
638 2520 665 2553 ap.
675 2509 711 2541 Cot.
722 2527 746 2532 -
756 2508 774 2550 3)
782 2520 824 2552 χει-

3 2602 5 2605 ⁴
36 2541 412 2625 {3322—5)deuteteronouetatap.
441 2551 568 2632 pappyrjoarr
583 2554 619 2586 BD.
633 2573 657 2578 -
671 2551 691 2599 4)
706 2554 740 2587 Cir.
754 2555 768 2587 I.
784 2555 822 2587 Cor.

454 2625 458 2641 '
476 2645 517 2688 cap.
526 2645 577 2678 oux.
601 2640 618 2688 1)
630 2642 650 2679 ‘o
658 2656 690 2677 om.
699 2647 719 2677 s.
731 2664 754 2669 -
767 2643 785 2688 a)
795 2647 826 2680 aar

0 2725 1 2728 Ἴ
68 2684 106 2730 Cap.
115 2688 194 2724 CLVIII.
218 2688 235 2733 1)
248 2692 273 2728 εἰς
281 2692 338 2736 recepi
346 2692 412 2725 exCet
441 2703 473 2724 om.
481 2692 501 2732 B,
509 2687 575 2725 αὐτίκα
583 2691 613 2724 aci
625 2701 657 2723 om.
666 2691 684 2724 C.
699 2709 721 2714 -
735 2689 753 2735 3)
766 2691 824 2726 τοῦτο

36 2725 87 2782 disp.
94 2732 129 2766 Cot.
139 2735 213 2769 Subinde
220 2733 287 2772 ἑαυτὸν
296 2738 314 2772 C.
322 2757 345 2760 —
353 2736 371 2780 2)
381 2737 412 2772 de·
441 2734 476 2783 aare
483 2737 517 2770 inv.
526 2738 547 2770 D.
558 2755 581 2760 —-
591 2732 611 2780 4)
623 2734 680 2781 αὐτῆς
690 2737 712 2769 al.
721 2748 748 2781 ap.
757 2739 793 2771 Cot.
801 2755 825 2761 —

37 2779 106 2830 querar
113 2790 133 2812 ex
141 2785 237 2815 correctura
243 2784 262 2815 B.
273 2801 296 2806 —
308 2780 327 2828 3)
339 2784 413 2819 οἰκείων
441 2782 460 2829 5)
469 2779 531 2817 πότου
539 2783 590 2816 Turn.
598 2800 622 2805 -
630 2779 648 2828 6)
657 2784 688 2817 καὶ
695 2783 747 2816 inser.
756 2784 805 2817 BCD.

36 2815 52 2874 q·
63 2837 85 2843 -
96 2820 117 2875 a.)
126 2822 183 2865 αὐτὸς
191 2828 212 2860 a.
223 2847 246 2851 -
259 2825 276 2869 5)
288 2826 365 2863 afforte
373 2827 412 2875 (sa)
477 2829 517 2873 cap.
530 2828 589 2862 cmm
612 2825 628 2872 ι)
643 2829 677 2863 me
688 2826 744 2872 reret
755 2830 799 2863 son
809 2834 825 2863 a

37 2860 53 2893 U
61 2865 108 2913 4³)
117 2874 235 2917 σωφρονίσαι
241 2874 291 2907 BCD.
442 2876 463 2908 al.
475 2886 502 2919 ap.
515 2875 550 2909 Cot.
567 2894 590 2898 -
605 2871 624 2919 ¹2)
636 2877 667 2910 uui
679 2873 728 2922 πρὸς
741 2876 790 2909 BCD.
803 2893 826 2898 -
