1824 3065
80 143 123 185 290
282 143 662 177 66666666616060616666666.

77 256 184 291 secundum
196 254 339 300 Schweglerum
351 253 438 299 scripsit:
451 254 512 302 ὁμῶς,
520 265 558 288 non
567 254 613 289 item
623 254 643 289 in
650 254 701 300 Epit.
710 254 764 290 alter.
774 251 868 295 66616

76 300 218 344 666666116666,
230 300 264 336 ubi
273 300 340 334 cadem
349 303 394 334 sunt
401 299 466 335 verba.
491 298 577 335 Eandem
588 300 731 336 inconstantiae
743 299 819 344 culpam
830 313 868 339 sae-

77 347 121 393 pius
132 347 228 382 contraxit
235 345 292 380 homo
303 346 381 389 doctus,
391 345 495 388 61666060,
504 345 553 380 6616
562 346 604 380 sola
612 345 698 381 Homilia
705 344 746 380 XII
760 345 868 391 acquiesco.

78 404 128 432 mus.
139 404 157 437 p.
166 391 205 434 263,
214 392 235 425 11.
244 393 264 425 66
270 389 324 435 Epit'
331 391 384 425 alter.
393 389 414 425 O.
423 389 510 426 LXXXI
517 402 585 426 versus
593 389 657 435 finem,
666 403 684 436 p.
692 390 732 434 266,
741 391 751 425 1
764 393 783 425 66
794 391 805 425 5
814 395 833 426 66
847 405 869 431 ue

78 439 112 484 Ep.
127 436 146 473 O.
155 434 266 481 LXXXIV,
274 447 294 481 p.
301 436 341 481 268,
350 436 361 471 6
373 439 393 471 66
400 436 451 482 Epit.
460 437 470 472 I
482 440 501 472 et
508 436 529 472 II
542 435 562 472 C.
571 435 692 482 LXXXVII,
701 449 719 483 p.
727 436 767 478 270,
777 436 799 471 18
808 403 869 485 66116.

78 484 131 539 alter.
141 481 160 517 Ο.
168 481 220 534 XCI.
233 480 325 534 Attamen
337 481 402 527 semel,
410 481 430 516 in
439 482 491 528 Epit.
499 482 532 518 alt.
542 482 562 518 G.
570 481 645 518 XCVII
653 493 720 518 versus
728 480 792 525 finem,
802 481 868 520 edidit:

79 539 155 607 0111101511
154 530 194 617 {gp
201 526 346 618 2133311633ῗ,
354 528 388 607 bb
399 572 512 608 Dresselius
524 584 563 608 non
575 572 671 619 receperit
683 571 756 608 codicis
765 569 781 606 Ο
790 573 869 618 scriptu·
901 590 902 593 ¹

78 629 129 653 ram:
143 619 193 661 ἐπεὶ,
203 628 253 665 quae
262 617 328 653 eadem
339 617 436 664 reperitur
447 618 468 653 in
482 620 583 664 utriusque
591 618 643 663 Epit.
652 617 673 654 C.
683 616 768 653 LXXIII
777 637 800 642 —
814 618 869 655 Prae-

80 667 135 699 terea
150 665 247 709 expressis
257 663 321 698 verbis
336 674 415 705 moneo,
430 664 462 698 vix
478 664 604 700 dubitandum
622 675 672 709 esse,
687 664 733 710 quin
746 662 831 709 genuina
847 665 871 701 sit
890 705 891 708 Ἰ

79 709 180 755 utriusque
188 708 316 745 Homiliarum
325 709 398 744 codicis
407 710 512 756 scriptura:
526 709 570 750 τοὺς
577 712 659 756 ἑτέρους,
671 720 728 755 quam
737 709 795 744 etia-m
803 708 871 746 Rufino

80 759 124 791 ante
134 755 201 790 oculos
210 754 271 789 fuisse
280 759 360 799 apparet
369 766 392 790 ex
400 754 502 801 Recognit.
510 755 554 800 VII,
560 754 577 800 4,
586 757 736 801 reponendaque
743 755 764 789 in
772 756 871 802 utriusque

80 800 131 845 Epit.
141 799 161 835 O.
170 799 253 835 LXXII.
261 821 285 826 —
292 800 315 837 V.
324 800 335 835 6
345 801 459 847 scripturam
469 805 600 846 προσταγέντα
613 800 699 836 suffulcit
710 800 767 835 lectio
777 812 871 847 προστατ-

81 846 157 893 τόμενα,
167 857 217 891 quae
226 848 256 881 est
263 844 284 879 in
291 845 391 890 Epitomes
399 846 469 891 prioris
479 846 499 882 C.
507 845 589 881 LXXII.
614 845 661 881 Cum
674 846 741 881 codice
753 844 769 880 Ο
780 846 871 882 Homilia-

81 903 123 926 rum
137 891 195 935 plane
209 890 333 926 consentiunt
348 892 425 926 codices
439 891 539 937 Epitomes
551 892 637 927 Dressel.
654 891 717 939 (cujus
730 891 750 925 in
763 889 783 926 Ο.
797 889 872 927 LXXII

81 936 195 982 typothetae
207 946 271 971 errore
284 940 383 971 exaratum
396 940 435 971 est:
448 940 575 984 προσαγέντα,
587 947 649 983 aeque
661 941 719 984 atque
729 935 871 973 CLXXXIII:

82 982 182 1030 προσοχῇ),
196 982 228 1027 qui
240 980 298 1015 iidem
312 981 415 1027 porrigunt
423 981 532 1027 ὑποσταίης.
538 1002 562 1008 -
568 981 592 1018 V.
601 983 622 1016 11
630 993 674 1029 sqq:
680 982 747 1017 nescio
753 993 778 1017 an
786 982 872 1018 binarum

82 1026 217 1061 recensionem
227 1025 266 1060 sint
273 1027 333 1061 verba
341 1027 361 1061 in
369 1038 427 1061 unum
437 1027 530 1070 conflata,
540 1038 620 1073 quarum
629 1028 648 1062 in
656 1039 695 1063 una
703 1028 796 1073 scriptum
806 1027 872 1064 fuerit:

83 1073 127 1108 ἔπεϊ
138 1070 174 1118 γάρ
189 1083 218 1116 σε,
237 1070 289 1117 κάριέ
303 1086 352 1120 μου,
372 1072 414 1109 ἀντὶ
430 1070 507 1109 πάντων
523 1073 566 1118 ἔχω,
588 1071 660 1118 πατρός
679 1086 699 1109 πε
714 1077 744 1108 καὶ
760 1072 830 1122 μητρὸς
845 1077 874 1110 καὶ

82 1117 170 1163 dilatuvit
184 1121 214 1153 καὶ
229 1122 332 1163 συγγενῶν,
346 1116 408 1154 αἴτιόν
418 1132 453 1167 μοι
463 1117 569 1165 γενόμενον
580 1117 612 1154 διὰ
626 1117 660 1154 τὸν
674 1117 721 1156 Θεὸν
736 1119 768 1163 τῆς
782 1116 874 1163 σωζοάοης

82 1162 175 1207 ἀληθείας,
184 1167 306 1210 παραμυθίας
313 1164 345 1207 τῆς
352 1166 442 1210 μεγίστης
450 1162 545 1210 τυγχάνω,
554 1163 575 1197 in
583 1164 644 1198 altera
653 1175 709 1198 vero:
717 1167 747 1199 καὶ
755 1162 798 1210 γάρ,
806 1177 823 1198 κ.
831 1178 874 1209 μου,

84 1208 126 1243 ἀντὶ
138 1206 216 1244 πάντων
227 1210 241 1244 t*
249 1220 275 1242 ων
286 1219 307 1243 σε
322 1212 445 1256 παραμυθίας
460 1211 492 1253 τῆς
505 1212 596 1257 μεγίστης
609 1207 699 1255 τυγχάνω.
723 1207 777 1244 Idem
788 1209 841 1243 valet
852 1208 874 1244 de

83 1252 135 1298 Epit.
144 1252 225 1288 alterius
233 1220 255 1287 ὅ
263 1251 357 1298 LXXIII,
365 1253 399 1289 ubi
408 1254 475 1289 eadem
485 1256 530 1288 suut
538 1253 606 1299 verba,
615 1254 653 1289 nisi
661 1254 713 1300 quod
722 1265 743 1289 σε
750 1265 789 1289 606
799 1257 829 1288 666
838 1253 874 1288 601-

83 1298 167 1333 locatum
174 1301 220 1334 ante
227 1296 281 1345 αύριέ
285 1312 329 1345 μου,
339 1297 374 1335 sed
379 1303 424 1344 post
430 1299 472 1336 ἀντὶ
478 1297 560 1341 πάντων,
578 1310 615 1334 uae
623 1298 731 1341 collocatio,
739 1298 800 1334 altera
807 1298 874 1344 aptior,

84 1342 177 1388 imprimis
191 1342 245 1378 favet
257 1344 381 1388 conjecturae
393 1348 475 1380 nostrae.
490 1364 514 1369 -
526 1345 548 1380 V.
557 1310 580 1378 11
589 1347 634 1380 ante
649 1344 716 1385 ordior
727 1344 831 1380 excidisse:
844 1345 874 1387 66,

84 1388 169 1423 ostendit
178 1388 230 1433 Epit.
242 1387 322 1424 alterius
332 1387 453 1424 CLXXIII.
465 1410 488 1415 —
499 1390 522 1425 V.
531 1390 553 1425 17
565 1394 610 1435 post
621 1392 657 1438 ἔχω
668 1389 749 1425 excidit:
761 1389 792 1430 ὠς.
816 1389 875 1424 Porro

84 1432 124 1473 cdv.
134 1433 186 1479 quod
195 1435 215 1468 16
223 1436 306 1479 utroque
314 1435 411 1470 invenitur
420 1435 493 1479 codice,
502 1434 551 1469 nihil
560 1435 613 1470 alind
621 1440 652 1471 est
658 1447 716 1482 quam
723 1433 831 1472 6016661666
840 1434 876 1471 ἐὰν.

86 1477 215 1514 Scribeudum
226 1478 295 1524 Igitur:
308 1478 336 1520 ὦς
346 1484 391 1524 καὶ,
405 1478 430 1516 tv
442 1479 468 1527 μὴ
479 1479 525 1516 κατά
537 1494 578 1517 τινα
586 1480 647 1527 χόλου
659 1483 715 1524 Θεοῦ,
727 1480 835 1524 ἀποστῆναί
843 1491 876 1516 σου

85 1523 180 1604 addicerer
188 1526 241 1561 εἶναι.
261 1523 337 1560 Pariter
345 1525 365 1560 in
373 1525 425 1572 Epit.
434 1525 513 1561 alterius
523 1524 544 1561 G.
553 1537 568 1562 c.
582 1527 609 1567 ὡς
620 1526 652 1562 rel
663 1526 721 1562 etiam
729 1525 757 1566 ὡς
768 1530 806 1562 καὶ
819 1525 876 1560 inter·

86 1580 104 1605 cl
118 1569 134 1604 it
157 1572 206 1607 ost}
217 1584 237 1606 ω.

130 1581 219 1659 3125831
228 1625 255 1660 sq.
269 1614 359 1650 binarum
371 1615 490 1651 diversarum
504 1615 640 1652 recensionum
655 1617 746 1652 videntur
757 1627 800 1652 esse
817 1616 875 1652 verba

86 1659 152 1705 ἐπειδὴ
161 1664 180 1695 66
188 1660 225 1697 διὸ.
243 1659 365 1695 Alterutrum
373 1661 433 1707 igitur
441 1662 574 1697 omittendum.
591 1662 654 1697 Minus
661 1661 795 1708 probabiliter,
805 1661 877 1708 opinor,

87 1706 192 1751 conjecerit
204 1705 283 1751 aliquis,
293 1717 328 1752 pro
339 1707 427 1741 codicum
440 1707 540 1752 scripturis
549 1707 580 1743 dio
590 1706 652 1757 πάντη
661 1708 693 1743 vel
705 1707 735 1744 dio
745 1705 825 1744 πάντοτε
833 1706 877 1742 scri-

86 1752 171 1786 bendum
183 1762 234 1786 esse:
246 1750 284 1787 diri
294 1751 388 1792 παντὸς.
413 1751 503 1788 Ceterum
514 1752 626 1789 Dresselius
637 1753 725 1800 recipere
734 1753 818 1788 debebat
827 1751 878 1789 codi-

87 1796 114 1831 cis
124 1793 139 1830 O
149 1797 272 1842 scripturam:
289 1796 373 1834 πάντοτέ
384 1809 420 1834 σοι.
435 1818 458 1823 -
471 1798 494 1834 V.
504 1797 527 1832 14
538 1800 706 1847 ἓκτεθηλυμμένων
716 1799 748 1833 vir
759 1810 836 1838 sanum,
845 1797 878 1832 sed

86 1842 200 1877 mutandum
207 1842 237 1877 in:
251 1844 446 1889 ἔκτεθηλυμένων,
459 1855 516 1890 quam
527 1843 608 1879 formam
619 1845 658 1890 J'am
672 1856 684 1880 a
696 1843 763 1879 Schwe
779 1844 819 1879 lero
828 1855 877 1879 com·

88 1887 209 1930 mendatam,
229 1899 280 1922 nunc
301 1888 384 1934 porrigit
402 1887 454 1934 Epit.
474 1888 553 1924 alterius
575 1888 594 1924 O.
609 1889 699 1926 LXXIV.
720 1887 765 1924 Sim'
775 1891 812 1924 iter
828 1888 878 1934 apud

89 1931 182 1984 Clement.
191 1931 294 1967 Alexandr.
305 1944 324 1977 p.
337 1933 371 1968 266
384 1934 519 1980 corrigendum
533 1934 591 1980 ἐσθὴς
604 1938 726 1984 τεθηλυμέυη.
749 1935 813 1970 Etiam
828 1945 839 1969 a
853 1934 879 1968 ud

88 1977 197 2013 Lucranum
216 1977 276 2012 Deor.
293 1977 345 2014 Dial.
359 1978 382 2023 V,
394 1978 405 2013 3
418 1979 464 2014 libri
479 1991 535 2015 mscr.
552 1980 647 2025 praebent
664 1982 816 2029 ἒκτεθηλυμέυος.
839 1945 878 2014 l(ifr-

88 2025 191 2069 praeterea
201 2022 287 2059 Lobcck.
299 2023 325 2057 ad
338 2023 443 2068 Phrynich.
451 2036 470 2069 p.
478 2024 506 2060 34.
517 2046 540 2051 -
553 2026 576 2061 V.
585 2026 607 2061 16
617 2026 684 2061 666610
696 2038 721 2061 an
731 2025 879 2071 praeferendum

91 2068 117 2103 sit
125 2071 221 2109 συνιέντα,
234 2068 286 2114 quod
294 2072 377 2114 utraque
384 2069 474 2114 Epitome
482 2070 568 2115 praebet.
578 2092 597 2096 -
604 2070 628 2107 V,
635 2071 658 2106 18
667 2071 704 2107 erit
710 2071 838 2115 statuendum,
848 2072 880 2105 aut

90 2114 149 2149 verba
158 2117 265 2164 συνεθέμην
273 2113 297 2150 ἄν
306 2125 335 2150 σοι
344 2115 363 2149 16
373 2114 524 2160 interrogatione
534 2126 576 2150 esse
586 2117 661 2162 posita,
669 2120 711 2163 aut,
720 2120 765 2152 ante
775 2118 880 2164 συνεθέμην

89 2159 220 2195 intercidisse:
229 2159 256 2201 οὐ,
266 2159 286 2194 id
295 2161 348 2206 quod
357 2159 448 2196 facillirne
456 2158 499 2195 fieri
505 2161 573 2206 potuit,
583 2172 642 2207 quum
650 2162 796 2208 antegrediatur
803 2161 878 2210 ἀπεκρί-

89 2217 140 2240 ΊῚΠΟι
870 2226 873 2230 ’

135 2249 156 2284 Ρ.
168 2250 226 2293 26116
238 2260 296 2296 quum
308 2253 389 2297 uterque
402 2251 463 2287 codex
473 2251 576 2297 praebeat:
592 2252 654 2292 οὐδεὶς
665 2253 688 2288 δέ
695 2254 734 2294 [σου
747 2251 820 2298 ἀληθῶς
833 2250 881 2298 πρὸς

90 2299 157 2343 γένους
169 2294 258 2344 ὑπάρχει,-
270 2294 393 2343 Schweglero
403 2299 422 2332 et
430 2296 530 2333 Dresselio
539 2297 624 2344 genitivo
638 2310 673 2334 σου
684 2297 822 2343 praeferendus
831 2297 881 2332 vide-
895 2299 896 2302 ’

91 2345 123 2375 tur
132 2340 208 2376 datirus
218 2353 256 2379 σοι.
269 2352 325 2387 quem
340 2342 421 2387 praebet
431 2342 521 2387 Epitome
532 2343 585 2388 prior
597 2341 617 2378 C.
625 2342 715 2380 LXXVI.
739 2343 850 2379 Provocant
857 2342 882 2378 ad

91 2399 108 2432 p.
117 2386 157 2429 265,
165 2385 182 2431 4,
191 2386 225 2421 ubi
233 2397 279 2421 sane
288 2386 369 2432 legitur:
378 2387 426 2437 πρὸς
433 2391 500 2434 γένους
511 2389 561 2434 αὐτῷ
573 2387 680 2435 ὑπάρχοντι.
703 2389 731 2424 At
741 2401 760 2435 p.
769 2389 808 2434 123,
817 2389 829 2423 4
837 2387 881 2423 scri-

90 2436 145 2477 ptum
154 2430 284 2479 legiturnirirp
292 2431 341 2480 πρὸς
348 2436 415 2479 γένους
424 2438 510 2479 Τιβερίου
517 2438 612 2482 Καίσαρος
620 2434 651 2477 ὤν,
658 2435 776 2481 p.301,2sq.:
788 2448 827 2470 rou
835 2435 882 2482 πρὸς

91 2480 158 2524 γένους
170 2477 211 2513 ὄντι
222 2480 324 2525 Καίσαρος,
337 2478 403 2524 6301,
412 2478 443 2513 13:
452 2478 500 2525 πρὸς
509 2483 576 2526 γένους
587 2479 678 2528 ὑπάρχων
685 2484 783 2525 Καίσαρος.
791 2499 815 2504 -
822 2479 882 2515 Porro

91 2534 110 2568 p.
118 2522 158 2568 260,
166 2522 178 2558 8
186 2523 205 2557 16
213 2522 288 2558 verbis:
300 2528 395 2572 Καίσαρος
403 2523 452 2570 πρὸς
458 2527 514 2571 γένος
522 2524 584 2568 ὄντες,
596 2525 707 2561 accusativo
715 2528 771 2572 γένος
785 2525 882 2571 genitivus

91 2571 158 2614 γένους
167 2568 313 2611 substituendus
326 2572 361 2604 est.
385 2570 411 2604 Et
422 2569 458 2614 sic,
470 2573 492 2605 ut
502 2581 553 2605 nuuc
564 2571 571 2605 i
586 2582 627 2605 sum
638 2571 701 2616 video,
709 2572 729 2606 16
740 2570 792 2617 Epit.
803 2570 882 2606 alterius

94 2611 220 2650 CLXXVII
232 2624 255 2649 ex
267 2613 322 2649 libris
334 2615 395 2649 edidit
406 2615 523 2651 Dresselius.
534 2637 557 2641 —
588 2643 592 2650 .
605 2617 627 2651 13
640 2619 748 2652 memoratu
761 2616 839 2662 dignum
854 2618 883 2651 est

94 2659 181 2694 codicem
190 2657 206 2693 Ο
215 2659 309 2705 praebere
318 2660 399 2696 formam
408 2663 512 2701 Ματτιδία,
521 2673 571 2707 quac
580 2666 692 2698 constanter
700 2663 795 2707 reperitur
803 2663 824 2696 in
832 2661 882 2708 Epit.

94 2703 173 2739 alterius
182 2704 237 2740 libris
246 2716 308 2746 mser,
315 2716 374 2751 quum
382 2705 462 2752 reliquis
471 2706 519 2741 locis
528 2707 617 2743 omnibus
626 2707 706 2742 formam
716 2712 781 2743 Maro.
790 2708 882 2753 porrigat.

95 2746 185 2784 Ceterum
195 2761 242 2785 vera
253 2751 335 2785 nominis
348 2749 430 2797 hujusce
443 2750 506 2787 forma
518 2755 549 2787 est
561 2754 656 2795 Ματιδία,
682 2763 719 2788 uae
728 2752 813 2787 etiamn
821 2752 883 2788 nunris

94 2804 175 2845 graecas
183 2794 319 2841 inscriptiones
328 2795 436 2831 ferentibus
444 2797 546 2840 reperitur.
554 2818 575 2823 —
585 2797 608 2833 V.
617 2798 638 2833 11
647 2765 718 2833 6011666
726 2801 823 2844 receptam
832 2796 883 2834 codi-

95 2850 122 2873 016
132 2837 279 2884 Oscripturam:
292 2839 369 2877 δώδεκα.
392 2841 456 2876 Etiam
464 2841 517 2887 Epit.
526 2841 579 2878 alter.
589 2841 608 2876 C.
618 2842 705 2878 LXXXI
713 2844 802 2890 praebet:
812 2845 861 2880 δέκα.
