1827 3065
362 114 556 149 nrrronrraron.
834 101 863 145 47

68 224 135 260 fratres
143 216 204 255 nostri
214 226 248 263 pro
259 214 307 250 milri
318 227 330 250 a
337 215 381 249 Deo
390 225 483 250 concessa
491 215 576 251 secrmda
587 213 690 250 nativitate
702 213 783 262 gloriam
792 217 812 249 et
820 225 863 262 gra·

68 270 136 306 tiarum
144 264 240 301 actionem
248 261 291 296 Deo
300 259 409 296 detulimus.
433 260 459 295 Et
471 260 531 297 multa
543 260 600 297 turba
612 263 740 309 congregata,
752 259 822 296 Petrus
831 259 864 295 de-

69 313 128 363 pulsis
136 308 213 352 morbis,
222 305 367 350 afflictionibus,
377 306 511 352 daemonibus,
520 318 556 343 nec
564 318 603 342 non
611 306 717 353 baptizatis
727 306 863 353 compluribus,

69 359 102 397 ubi
109 357 219 392 Maroonem
226 352 323 399 hospitem
332 352 433 387 sumniam
442 353 529 388 omnibus
538 352 622 395 numeris
631 352 742 389 absolutum
751 352 863 399 episcopum

71 401 212 443 constituisset,
225 398 327 434 duodecim
334 397 457 445 presbyteros
466 398 597 446 designasset,
607 398 699 435 diaconos
708 397 795 443 fecisset,
806 398 864 434 collo-

70 454 124 488 cutus
133 459 176 483 curn
184 445 275 491 episcopo
287 444 310 479 de
323 443 419 479 communi
429 443 479 480 bono
492 456 515 480 ac
526 445 612 481 utilitate
622 444 684 492 deque
693 443 827 480 ecclesiastico
837 455 864 479 or-

71 497 113 532 dine
124 498 182 539 atque
194 493 288 526 concentu
298 489 393 526 valedixit
404 488 531 537 Tripolitanis
542 490 660 537 Phoenices,
674 494 694 527 ct
705 490 743 526 iter
750 502 817 527 versus
825 489 864 526 An-

71 539 161 579 tiochiam
170 537 237 584 Syriae
245 536 344 583 ingressus
354 539 389 570 cst.

114 583 175 620 LXX.
199 581 280 628 Egressi
287 592 331 617 vero
340 580 434 628 Tripolim
442 580 558 618 Phoeniciae
569 586 591 618 ut
599 582 724 619 Antiochiam
736 581 803 629 Syriae
811 581 864 618 veni-

70 643 138 675 remus,
148 640 169 666 eo
179 628 210 665 die
220 627 321 664 Orthosiae
329 627 444 673 mansimus3
456 631 476 663 et
484 629 530 673 quia
538 632 568 664 est
575 640 634 676 prope
642 628 715 674 urbem,
724 641 735 665 e
744 640 782 675 qua
790 627 865 675 egressi

71 680 173 720 fueramus,
183 686 226 710 cum
234 684 300 710 omnes
308 672 348 709 fere
355 672 507 720 praedicationis
516 684 564 709 evan
580 674 640 711 elicac
653 686 759 711 sermonem
770 674 823 722 prius
832 684 865 709 an·

72 723 174 765 divissent,
186 732 245 755 unum
257 719 308 754 diem
316 719 358 754 illic
368 719 479 754 commorati
486 686 606 756 Antaradrmr
618 719 718 756 abivimus.
744 719 792 755 Cum
800 724 865 755 autern

72 767 126 805 multi
135 769 200 802 essent
208 765 309 801 nobiscum
317 764 354 800 iter
360 763 461 809 facientes,
470 764 539 800 Petrus
545 765 636 803 Nicetam
644 769 664 801 et
670 764 761 812 Aquilam
769 766 865 801 allocutus

72 818 100 851 est
109 813 184 848 dicens:
198 810 357 857 Quandoquidem
365 822 436 856 magua
444 810 577 846 comitantium
585 811 689 847 multitudo
700 822 739 846 non
750 822 828 858 parram
836 811 864 846 in-

72 859 142 896 vidiam
150 857 205 893 nobis
213 868 249 904 per
254 856 311 892 mbes
319 855 437 892 intrantibus
443 855 530 902 attrahit,
538 856 648 892 necessario
656 856 760 893 curandum
767 868 810 892 esse
817 856 866 892 iudi-

73 904 121 949 cavi,
132 907 155 938 ut
167 913 229 949 neque
240 902 279 950 ipsi
290 901 434 947 contristentur,
444 902 488 937 dum
496 901 622 949 prohibentur
633 914 676 939 esse
687 903 794 947 nobiscum,
803 914 865 949 neque

72 963 115 995 nos,
128 949 172 984 dum
181 960 245 984 sumus
255 947 382 996 spectabiles,
391 948 436 984 aliis
445 948 552 985 efficiamru·
559 952 648 984 auctores
657 948 747 985 invidiae.
770 949 865 991 Quocirca

72 996 125 1041 volo,
137 999 157 1030 te
168 994 259 1031 Nicetam
270 1006 362 1031 unacum
375 993 447 1041 Aquila
454 998 499 1031 ante
510 1006 541 1030 me
553 995 590 1031 iter
601 994 672 1031 habere
684 1006 718 1042 per
734 995 781 1031 duos
795 994 865 1042 globos

73 1042 156 1089 sparsim.
803 1081 805 1083 ,

118 1085 190 1122 LXXI.
218 1086 259 1122 Ista
271 1086 330 1123 Petro
344 1085 422 1122 dicente
438 1086 579 1133 responderunt
591 1085 673 1122 Nicetas
687 1089 707 1122 et
720 1086 801 1132 Aquila:
820 1085 866 1123 Non

72 1132 128 1169 valde
138 1144 173 1168 nos
183 1131 259 1169 domine
268 1132 370 1168 contristat
378 1132 399 1168 id
406 1143 464 1179 agere
473 1132 563 1178 quoniam
571 1143 583 1168 a
591 1136 611 1168 te
620 1131 734 1179 imperatum
743 1135 778 1167 est.
801 1131 866 1168 Primo

73 1178 149 1226 quidenr
160 1178 205 1225 quia
216 1179 256 1214 Dei
266 1178 388 1226 providentia
396 1178 484 1214 delectus
496 1189 528 1222 es,
541 1178 574 1224 qui
585 1177 676 1214 merearis
687 1181 758 1214 cuncta
768 1177 866 1225 praeclare

74 1224 158 1271 cogitare
169 1228 227 1270 atque
238 1224 347 1270 consulere,
360 1223 430 1261 deinde
445 1225 554 1270 vero'quod
564 1227 586 1259 ut
596 1224 699 1277 plurimum
709 1224 768 1259 biduo
783 1235 817 1259 nos
829 1224 866 1259 hoc

73 1271 135 1306 facere
143 1281 224 1306 necesse
233 1270 259 1306 sit
268 1274 307 1306 ate
315 1270 406 1307 absentes
413 1282 417 1315 3
426 1270 476 1306 illud
484 1274 549 1306 antem
555 1273 645 1317 spatium,
654 1270 741 1316 quamvis
748 1270 827 1318 longum
834 1269 866 1314 sit,

74 1316 117 1351 dum
124 1319 144 1351 te
153 1315 251 1352 dominum
258 1320 345 1352 nostrum
352 1328 392 1352 non
397 1317 494 1361 videmus,
500 1318 565 1352 tamen
572 1318 595 1351 ut
601 1315 662 1361 iubes,
672 1316 717 1363 quia
724 1316 774 1352 utile
783 1319 819 1361 est,
827 1327 867 1352 non

74 1361 226 1397 contradicimus.
251 1362 306 1398 Haec
313 1361 348 1398 ubi
357 1362 452 1407 dixerunt,
461 1362 570 1409 antegressi
579 1365 628 1397 sunt.

117 1406 200 1442 LXXH.
224 1407 261 1443 His
272 1407 332 1455 igitur
342 1408 435 1455 profectis
447 1419 483 1456 ego
492 1406 581 1444 Clemens
593 1406 672 1455 gavisus
684 1419 734 1453 sum,
747 1418 790 1444 eum
797 1419 828 1444 me
837 1419 866 1445 se—

74 1464 116 1488 cum
128 1464 171 1489 esse
182 1453 272 1489 voluisse.
296 1454 365 1501 ltaque
377 1454 402 1490 ad
413 1461 457 1490 cunr
468 1453 517 1489 dixi:
534 1452 612 1489 Gratias
621 1464 658 1501 ago
666 1453 719 1497 Deo,
731 1453 783 1500 qnod
790 1465 820 1490 me
829 1465 868 1489 non

74 1497 167 1543 emiseris,
179 1502 201 1534 ut
213 1499 300 1544 sodales,
309 1511 354 1535 nam
361 1511 407 1546 prae
419 1500 484 1536 dolore
498 1503 578 1536 enectus
592 1499 678 1535 fuissem.
704 1499 741 1535 Ille
755 1511 800 1536 vero
815 1499 867 1542 Quid

73 1546 146 1587 autem,
157 1544 229 1591 inquit,
243 1545 260 1580 si
268 1556 317 1591 quae
325 1546 433 1582 necessitas
441 1545 528 1590 iusserit,
540 1549 563 1581 ut
570 1545 635 1591 aliquo
644 1545 737 1589 mittaris,
749 1549 771 1581 tu
779 1545 824 1591 quia
833 1545 867 1580 ali-

73 1589 163 1635 quamdiu
171 1602 183 1626 a
190 1602 221 1626 me
228 1591 304 1627 utiliter
314 1592 351 1627 eris
360 1595 470 1638 separatus,
481 1590 525 1627 ideo
533 1589 633 1626 morieris?
652 1590 722 1627 Nonne
729 1591 795 1637 potius
803 1593 867 1627 tecum

72 1638 163 1682 reputans
175 1636 255 1673 ferenda
266 1648 317 1682 esse,
333 1648 382 1684 quac
392 1640 471 1684 propter
482 1637 620 1672 necessitatem
631 1635 712 1681 iuberis,
727 1647 788 1683 aequo
803 1636 867 1673 animo

73 1680 135 1716 feres?
155 1680 196 1718 Aut
203 1683 274 1727 nescis,
283 1682 355 1719 amicos
363 1694 402 1718 una
410 1694 452 1718 esse
460 1682 599 1727 recordatione,
607 1682 655 1718 licet
664 1682 775 1729 corporibus
786 1682 837 1718 inter
845 1693 866 1718 se

73 1726 216 1808 {plangantun
231 1728 282 1764 sicut
296 1728 384 1764 nonnulli
396 1728 507 1775 corporibus
518 1732 641 1775 praesentes,
656 1727 725 1763 animis
740 1728 807 1775 procul
822 1732 867 1764 sunt

87 1773 149 1808 rssiti'
339 1808 342 1812 ,
496 1811 498 1814 ⁴

118 1818 211 1855 LXXIH.
234 1819 260 1854 Et
268 1831 305 1866 ego
313 1819 413 1866 respondi:
425 1819 497 1856 Verum
505 1830 529 1855 ne
538 1818 562 1855 de
570 1831 601 1856 mc
610 1818 714 1864 arbitreris,
725 1820 807 1864 domine,
817 1820 868 1867 quod

73 1863 131 1900 istum
141 1876 246 1901 moerorem
257 1865 371 1913 insipienter
386 1865 422 1901 sim
432 1876 568 1912 perpessurus,
580 1865 665 1912 quinimo
676 1866 778 1902 admodum
785 1870 839 1902 reete
848 1878 868 1902 se

73 1909 157 1946 habente
165 1910 245 1947 ratione.
263 1911 358 1953 Quoniam
364 1911 416 1947 enim
424 1915 444 1947 te
452 1923 485 1958 pro
494 1911 583 1948 omuibus
590 1912 664 1959 accepi,
670 1924 704 1959 pro
710 1916 765 1959 patre
773 1916 792 1949 et
800 1916 868 1958 matre,

73 1955 164 1993 fratribus
173 1960 193 1993 et
202 1958 300 2005 cognatis,
311 1958 345 2004 qui
356 1968 390 2004 per
397 1957 462 1994 Deum
470 1962 537 1994 auctor
544 1956 592 1993 mihi
599 1957 665 2003 fuisti,
677 1963 700 1994 ut
711 1958 822 2006 agnoverim
831 1970 868 1994 ser-

73 2002 287 2049 vatricemveritatem,
299 2004 327 2040 sie
340 2008 360 2040 et
371 2004 513 2049 consolatione,
525 2015 582 2050 quam
592 2004 617 2040 ab
629 2004 717 2041 omnibus
730 2008 868 2041 consecuturus

74 2046 163 2094 fuissem,
177 2053 242 2096 perte
253 2062 313 2085 unum
323 2049 380 2086 fruor.
406 2049 479 2086 Vereor
491 2049 562 2096 quippe
573 2049 650 2089 omnino
663 2062 675 2086 a
682 2054 703 2086 te
711 2051 790 2095 abesse,
801 2062 826 2086 ne
834 2062 869 2097 per

75 2094 145 2129 aetatis
157 2095 251 2132 feruorem
262 2108 274 2132 a
286 2096 393 2143 cupiditate
401 2095 472 2132 vincar.
496 2095 522 2131 Et
533 2095 577 2132 ideo
588 2095 617 2131 ita
624 2095 645 2131 in
653 2096 737 2131 animum
745 2096 817 2141 induxi,
826 2099 849 2131 ut
857 2109 869 2132 a

75 2142 94 2173 te
102 2151 141 2175 non
148 2141 222 2188 possim
230 2141 336 2187 discedere,
344 2141 383 2177 nisi
390 2141 428 2178 hoc
437 2141 503 2178 divina
511 2144 594 2188 quadam
602 2141 630 2176 ira
639 2142 720 2177 eveniat.
744 2141 822 2178 Etenim
830 2154 869 2178 me-

75 2184 127 2229 mini,
135 2189 155 2221 te
165 2186 271 2224 Caesareae
281 2187 353 2223 dicere:
366 2187 383 2222 si
391 2188 434 2234 quis
442 2187 485 2224 vult
492 2199 567 2223 mecum
575 2187 612 2223 iter
619 2186 693 2232 facere,
705 2187 737 2234 pie
746 2199 821 2234 quoque
829 2200 869 2224 una

75 2229 112 2265 iter
118 2231 196 2269 habeat.
220 2234 255 2269 Pia
265 2237 330 2269 autem
343 2233 421 2269 dicebas
430 2245 483 2277 esse,
494 2234 590 2269 neminem
597 2232 679 2268 tristitia
691 2234 797 2269 secundum
805 2233 869 2269 Deum

75 2274 159 2322 afficere,
170 2278 232 2315 veluti
242 2279 369 2326 relinquendo
379 2282 479 2326 parentes,
490 2289 577 2323 uxorem,
589 2290 626 2314 uec
637 2290 676 2315 non
688 2279 737 2315 alios
748 2279 801 2327 piam
808 2280 869 2315 vitam

77 2404 213 2412 αἱ

76 2506 119 2531 acm
128 2497 149 2531 al.
158 2511 185 2545 ap.
194 2499 230 2534 cot.
241 2518 265 2524 ——
275 2496 294 2546 b)
304 2500 458 2547 ovrccdporods‘o-
523 2499 563 2545 [lep.
571 2499 636 2534 LXXI.
656 2498 673 2543 1)
683 2512 703 2535 τε
713 2500 771 2535 addidi
783 2512 804 2535 er
811 2502 869 2536 BCD.

77 2554 108 2581 τος
121 2541 178 2589 ὄχλου
187 2547 222 2581 inv.
234 2547 252 2580 0.
266 2565 290 2570 —
302 2543 321 2591 6)
333 2547 362 2580 Sic
374 2547 457 2598 erinna,
486 2543 536 2591 —2)
546 2543 703 2592 λυπεῖκύριείην.
712 2547 730 2580 G.

76 2588 458 2646 ihm-XI,3ssei11⁰⁵lfflEPilw¹lff⁰355sh
522 2604 562 2648 Gap.
576 2603 649 2636 LXXH.
676 2601 695 2650 1)
711 2604 738 2638 Ita
754 2605 804 2639 etiam
820 2606 836 2640 D
853 2610 870 2640 et

76 2646 135 2679 μενον
141 2638 169 2671 ΒΟ
178 2642 195 2672 el
201 2640 222 2672 ssl-
230 2640 300 2692 2P200l-
306 2657 330 2662 -
340 2637 358 2684 7)
365 2648 458 2696 κίῑΐασξη·
488 2653 545 2682 nostra
553 2649 607 2693 Epit,
619 2648 694 2695 ἑτέρους
702 2653 726 2693 Β,
739 2652 768 2685 sed
777 2653 811 2685 luit
819 2652 869 2687 ἑταί-

77 2690 110 2735 σᾳς
129 2681 237 2721 ἐπίσκοπον
255 2697 291 2719 inv.
309 2685 327 2719 Ο.
347 2703 371 2709 —
390 2680 409 2729 8)
425 2684 458 2718 επὶ
488 2696 640 2740 ρουςγρθἨωῃ,
649 2694 869 2743 141174&gppnpufflec¹

77 2728 136 2769 vlle·
273 2783 280 2788 .
488 2739 552 2784 VIM.
566 2760 589 2764 -
602 2739 619 2783 2}
629 2741 670 2776 ἔστι
679 2743 717 2776 eD.
728 2763 751 2768 —
764 2741 783 2790 3)
797 2754 869 2779 σοιοῐη.

111 2785 151 2830 cap.
159 2788 214 2821 LXX.
230 2784 249 2832 1)
259 2790 293 2822 adu
300 2789 351 2831 Bou,
359 2789 410 2822 Hom.
418 2788 458 2830 XII,
488 2789 540 2821 Turn.
553 2806 573 2811 -
586 2785 603 2829 4)
615 2785 688 2832 Vocari
697 2786 730 2824 οὐκ
744 2790 797 2830 οἶδας
808 2792 870 2825 desin

77 2826 93 2870 1,
102 2836 160 2865 nostra
168 2833 216 2877 apic.
225 2837 242 2867 et
250 2835 271 2867 al.
278 2845 304 2878 op.
311 2835 348 2868 Cot.
354 2831 402 2880 —2)
411 2831 458 2869 &aba
489 2836 508 2867 B.
516 2853 539 2859 -
547 2831 566 2879 5)
575 2837 615 2872 τοῖς
623 2845 656 2868 orn.
664 2837 684 2867 lt.

76 2873 138 2912 ἐλθεῖν
146 2879 166 2912 Β.
174 2897 197 2902 -
204 2876 223 2924 3)
233 2881 260 2927 τῷ
268 2880 340 2914 accessit
348 2892 371 2913 cn
380 2881 398 2914 O.
524 2880 650 2926 dapmnum.
663 2878 681 2927 1)
689 2876 786 2916 ztaeccssic
793 2893 813 2916 er
819 2884 869 2927 BGD,
892 2913 894 2916 .
