1824 3065
80 143 131 202 288,
286 155 666 189 τι.ινιασσμσιιιιιοηοτετν.σσιτσ.

79 256 140 292 verba
148 256 246 302 adscripta
255 267 296 291 esse
307 255 398 290 videntur
409 267 421 291 a
432 256 507 290 lectore
520 254 585 302 aliquo
593 254 643 290 male
655 257 756 297 accurato,
768 253 802 300 qui
816 255 872 294 adn0.

79 303 122 337 tatu
131 301 211 348 dignum
219 304 312 344 censeret,
322 311 381 346 opera
389 312 427 336 non
437 301 521 336 dicenda
529 312 572 336 esse
581 300 662 336 meliora
669 311 727 346 quam
735 299 831 343 hominos
841 305 873 340 sed

80 347 161 383 meliora
169 358 225 392 quam
234 357 293 392 opera
300 346 404 381 hominum.
412 367 436 371 —
450 347 518 392 Neque
529 346 592 381 minus
605 350 705 391 corrupta,
718 356 768 392 quae
779 344 814 379 illa
826 349 873 383 exci-

80 392 141 437 piunt,
150 392 209 426 verba
219 390 278 427 haec:
293 391 372 433 εἰδότες,
387 391 416 428 ὅτι
430 391 462 429 ἐὰν
475 392 536 428 αὐτῶν
545 391 568 428 τά
579 394 623 438 ἔργα
632 397 672 431 τοῖς
680 391 778 439 ἡμετέροις
787 392 807 426 ἓν
815 389 873 441 ἡμέρᾳ

80 443 158 483 κρίσεως
164 437 288 483 άνακριδέντα
297 441 329 473 ἴσα
337 439 360 486 τῇ
368 437 446 484 εὐποιΐςι
455 436 523 487 εὑρεθῇ
527 465 532 479 ,
546 441 576 473 καὶ
585 438 638 486 ἡμεῖς
646 438 791 483 ἓναισχυνδῆνσι
801 438 873 484 ἔχομεν,

81 484 136 519 αὐτοὶ
147 483 168 518 δὲ
179 481 212 519 διά
222 482 296 528 πλάνην
307 482 329 519 τὰ
339 482 378 519 κατ’
390 482 449 520 αὐτὸν
460 482 573 529 ποιήσαντες
585 484 696 519 quosaam.
718 481 766 524 Quis
779 482 829 516 enim
838 494 874 520 non

81 528 167 563 offendat
178 528 198 562 in
209 529 306 574 particula
317 532 355 572 καὶ,
371 539 420 574 quae
433 532 463 564 est
471 533 517 564 ante
525 528 590 581 ἡμεῖς,
601 532 635 564 aut
647 527 690 574 quis
702 526 803 573 probabile
812 526 873 576 ducat,

80 574 140 609 verba
148 573 171 609 τά
178 575 216 610 κατ’
226 573 283 611 αὐτὸν
295 574 434 620 genuina-esse
443 577 512 620 utpote
524 573 662 620 significantia:
679 574 744 620 „quod
756 573 782 608 ad
789 572 873 611 futurum

81 619 207 655 saeculum“?
218 619 244 654 Et
252 619 304 665 prius
314 618 392 666 quidem
400 620 491 655 mendum
499 620 568 656 tollere
576 621 738 656 licetsecundum
744 616 834 654 Rufinum
843 617 854 652 l.
860 632 874 656 ε,

80 665 109 700 ita
116 665 285 710 interpretantem:
300 665 406 711 „scientes,
417 666 463 713 quia
476 667 491 700 si
501 676 559 711 opera
571 666 647 701 illorum
655 665 727 700 nostris
737 663 828 710 operibus
838 667 874 700 col—

81 710 130 754 lata,
142 710 162 745 in
174 710 205 746 die
215 710 285 757 judicii
300 709 389 745 similia
401 710 524 747 inveniantur
537 722 563 746 ac
574 712 651 758 paria,
665 709 753 745 confusio
764 708 821 744 nobis
834 711 873 756 erit,

82 756 135 802 quod
142 756 234 802 aequales
242 756 350 792 invenimur
357 755 377 791 in
386 757 477 803 operibus
486 756 516 791 his
524 759 557 804 qui
564 759 645 803 propter
651 755 781 802 ignorantiam
789 754 875 791 condem-

81 806 157 846 nantur,
167 805 187 837 et
194 803 267 837 nullam
276 814 329 849 spem
338 801 398 837 futuri
406 802 480 838 saeculi
488 802 618 838 babue1·unt.“
636 800 716 837 Scilicet
724 801 828 847 legendum
838 806 874 837 est:

82 851 114 883 ἴσα
122 849 145 897 τῇ
154 848 229 895 canolia
238 848 306 897 εὑρεθῆ
314 852 345 885 καὶ
353 846 432 896 όμοιιι,
442 847 495 896 ἡμεῖς
503 851 547 882 cett.
555 847 661 883 Praeterea
668 846 712 882 fieri
719 849 791 893 potest,
800 850 823 880 ut
830 853 874 890 post

82 892 151 942 εὑρεθῇ
159 893 261 928 exciderit:
273 887 301 937 τῖ’
315 894 378 929 Alteri
390 904 435 928 vero
444 894 513 928 mendo
522 892 656 939 interpretatio
669 893 729 928 latina
737 892 810 928 nullam
818 891 873 928 affert

81 938 203 973 medicinam.
227 938 296 985 Neque
304 939 385 984 prodest
393 939 455 982 varia,
467 949 517 984 quae
526 938 546 973 in
555 939 623 975 codice
633 937 647 974 C
656 938 759 984 reperitur,
769 937 873 983 scriptura:

81 984 122 1020 καθ’
132 984 199 1021 αὑτῶν.
223 983 349 1020 Tentaverim
360 983 459 1030 equidem:
476 983 529 1020 αὐτοὶ
542 984 563 1022 δὲ
574 984 605 1021 διὰ
618 983 700 1029 πλάνην,
713 983 736 1021 τά
751 982 806 1027 autb
823 981 875 1020 ὅντα

82 1028 201 1074 ποιήσαντες,
210 1029 321 1067 ἀπολέσθαι.
333 1027 365 1063 Ad
376 1031 435 1065 verba
447 1029 469 1066 τά
480 1029 526 1065 καλά
537 1028 583 1067 όντα
595 1029 629 1065 cfr.
638 1043 656 1076 p.
665 1029 705 1073 252,
715 1029 873 1076 bsqq.-Porro

82 1076 159 1110 minime
172 1074 261 1120 perfecta
274 1079 304 1111 est
317 1075 427 1111 emendatio
440 1076 551 1117 verborum,
568 1087 618 1122 quae
633 1078 678 1110 sunt
691 1087 708 1110 v.
723 1076 745 1110 10
757 1086 808 1121 sqq:
825 1077 841 1110 cl
855 1076 875 1112 δὲ

82 1122 208 1167 αἰσχυνθῆναι
216 1122 276 1164 ἔστιν,
286 1120 320 1166 την
332 1121 419 1157 εὐποιίαν
431 1120 496 1165 αὐτοῖς
507 1125 550 1166 ἴσην
562 1122 658 1162 δείξαντας
668 1124 699 1156 καὶ
708 1120 730 1157 οὐ
738 1123 810 1162 πλεῖον,
820 1118 873 1166 πόσῳ

82 1180 103 1212 γε
111 1168 187 1215 μᾶλλον,
195 1165 227 1203 ἐὰν
235 1167 296 1203 αὐτῶν
304 1168 337 1212 τῆς
345 1166 430 1207 εὐποιίας
438 1165 459 1203 τό
472 1166 530 1211 ηττον
538 1167 638 1214 δείξωμεν·
653 1166 738 1202 Tantum
750 1167 807 1202 abest
819 1165 874 1211 enim,

83 1214 105 1246 ut
114 1213 218 1254 δείξαντας,
231 1223 280 1259 quae
289 1213 401 1258 conjectura
413 1215 443 1247 est
452 1210 571 1258 Schwegleri
583 1213 688 1259 eademque
697 1211 793 1257 scriptura
802 1211 874 1246 codicis

84 1255 106 1300 Ο,
116 1258 162 1293 ferri
173 1256 245 1303 possit,
254 1261 276 1292 ut
283 1258 343 1294 lectio
352 1257 426 1293 codicis
438 1256 462 1292 C:
478 1259 579 1301 δείξαντες,
592 1269 604 1294 a
615 1257 756 1293 recentioribus
770 1256 875 1293 editoribus

84 1304 161 1338 omnino
170 1306 242 1348 spreta,
251 1303 336 1349 genuina
344 1303 373 1338 sit.
398 1302 447 1338 Sunt
456 1306 521 1338 autem
532 1303 552 1338 in
563 1303 602 1339 illis
614 1303 678 1339 verbis
690 1302 749 1338 binae
757 1302 845 1346 lacunae,
857 1303 876 1337 in

84 1348 135 1383 huuc
143 1350 221 1383 modum
229 1349 344 1394 explendae:
353 1370 375 1374 —
384 1350 441 1391 ἐ’στιν,
450 1349 487 1385 ὅτι
495 1347 530 1394 τὴν
539 1349 580 1385 εὐπ.
588 1348 628 1385 cir.
637 1354 662 1386 ἴσ.
671 1350 779 1390 δείξαντέ
781 1363 790 1389 ς
800 1349 876 1396 ἐσμεν,

83 1398 114 1430 καὶ
121 1397 167 1430 cett.
175 1392 226 1429 Ante
234 1393 268 1440 την
274 1394 363 1430 εὐποιίαν
370 1395 486 1430 collocatum
495 1393 556 1431 fuisso
562 1394 678 1430 vocabulum
686 1405 697 1429 a
705 1393 769 1430 vocali
777 1393 876 1440 incipiens,

84 1439 177 1475 coniicias
187 1438 244 1475 etiam
254 1451 277 1476 ex
287 1451 316 1484 eo,
325 1440 376 1487 qnod
386 1440 478 1486 scriptum
485 1439 580 1484 reperitur
589 1442 646 1483 ἐ’στιν,
654 1451 693 1476 non
702 1442 747 1477 ἔστι.
756 1461 779 1466 -
786 1438 876 1485 Denique

84 1496 101 1520 v.
110 1485 132 1520 13
141 1497 169 1531 sq.
178 1486 198 1520 in
209 1485 283 1521 verbis:
292 1484 333 1522 Ὅτι
345 1487 366 1522 δὲ
375 1484 435 1525 όντως
446 1487 466 1522 ἔν
475 1485 534 1533 ἡμέρη
542 1491 621 1533 κρίσεως
629 1491 669 1527 ταῖς
677 1487 714 1522 τῶν
726 1488 875 1532 πεπλανημένων

85 1530 178 1571 elmodan
189 1532 208 1566 αἱ
217 1532 254 1567 τῶν
261 1530 350 1577 ἀλήθειαν
359 1530 468 1577 ἐγνωκότων
476 1531 569 1573 ἰσάζονται
581 1530 661 1580 πράξεις,
671 1536 716 1566 aute
723 1530 817 1573 ῖσάζονται
825 1531 875 1565 exci-

85 1575 145 1611 disse:
158 1576 196 1618 οῠκ,
206 1578 308 1612 ostendere
318 1579 408 1621 poteraut
415 1580 453 1611 tam
462 1587 485 1611 ea
494 1587 543 1622 quae
552 1577 716 1623 antegrediuntur,
726 1588 783 1623 quam
790 1587 819 1620 ea,
827 1587 876 1622 quae

84 1626 196 1668 sequuntur.
211 1620 278 1663 -Quod
290 1622 341 1656 enim
353 1620 449 1663 inritandas
460 1621 612 1668 interpretantur
625 1622 763 1667 „comparar·i“,
776 1632 829 1658 error
842 1626 876 1666 est,

85 1679 143 1713 quum
155 1668 220 1712 potins
230 1666 256 1702 sit
264 1679 343 1713 „parem
354 1678 402 1710 esse,
413 1668 501 1703 lraberi‘&
516 1677 518 1681 ’

132 1712 151 1747 Ρ.
160 1712 199 1756 252,
207 1713 219 1748 5
227 1711 350 1759 Schweglero
362 1712 470 1759 adstipulor
482 1716 527 1759 post
538 1713 665 1759 πεποιηκότας
674 1713 769 1749 excidisse
779 1713 874 1748 censenti:

84 1760 148 1799 καλῶς.
158 1757 197 1794 Gfr,
207 1770 224 1792 v.
234 1759 261 1795 11.

130 1804 151 1839 Ρ.
159 1804 199 1847 253,
209 1804 296 1840 irerba:
305 1807 331 1844 εἰς
340 1803 372 1844 τάς
381 1805 401 1840 ἐν
409 1805 432 1853 τη
441 1802 527 1852 θαλάσση
537 1807 618 1848 πλησίον
627 1802 684 1845 οὔσας
692 1803 757 1851 πηγάς,
767 1815 816 1852 quae
824 1815 877 1850 repe·

85 1853 152 1884 tuntur
159 1861 178 1894 p.
186 1849 225 1891 254,
235 1850 245 1884 6
254 1854 312 1896 atque
321 1853 398 1885 exstant
407 1851 465 1885 etiam
473 1849 492 1884 in
500 1848 561 1895 Epitt.
567 1848 587 1885 (3.
594 1848 667 1894 LXIX,
676 1850 757 1885 Rufinus
764 1851 784 1884 in
792 1850 878 1897 Recogn.

86 1894 119 1940 Vl,
129 1895 151 1929 15
160 1895 189 1929 sic
197 1895 249 1939 *tecit
260 1895 328 1930 latina:
340 1895 372 1940 „in
383 1895 475 1940 fontibus,
488 1896 521 1942 qui
530 1896 617 1942 contigui
626 1896 722 1932 habentur
732 1895 793 1930 αισι-ί<
808 1899 828 1930 et
842 1895 879 1940 „ad

86 1939 151 1976 fontes
169 1940 217 1974 mari
238 1941 359 1986 contiguos‘t
383 1940 427 1976 Non
446 1941 554 1976 dubitarem
574 1941 597 1976 tle
618 1942 687 1976 mendo
703 1941 804 1988 postulare
820 1941 880 1976 verba

86 1997 164 2032 graeca,
173 1986 189 2020 si
197 1985 246 2020 nihil
254 1986 308 2021 aliud
316 1984 426 2031 significare
438 1989 526 2032 possent3
542 1990 616 2022 certum
628 1991 658 2022 est
670 1986 729 2030 enim,
742 1988 766 2022 de
777 1985 825 2022 mari
836 1985 878 2032 ipso

86 2042 129 2067 esse
139 2032 270 2077 cogitandum.
282 2031 310 2066 At
317 2031 443 2066 vocabulum:
452 2036 510 2079 πηγαὶ
518 2032 607 2068 universe
615 2033 701 2079 „aquas“
711 2031 814 2079 significat,
824 2033 878 2077 cujus

85 2088 132 2112 usus
140 2077 196 2123 plura
205 2077 293 2123 exempla
302 2088 325 2113 ex
333 2076 396 2123 poetis
405 2077 467 2123 petita
476 2078 575 2122 congessit
582 2078 605 2113 R.
613 2078 703 2124 Ungerus
712 2079 801 2114 Theban.
811 2078 879 2113 Parad.

85 2134 104 2168 p.
113 2123 146 2158 198
155 2135 188 2169 sq,
198 2123 273 2159 scilicet
281 2134 341 2170 aquas
351 2121 410 2167 vivas,
420 2123 445 2158 ad
452 2134 500 2170 quas
511 2124 632 2158 denotandas
641 2124 692 2158 hunc
702 2125 816 2170 scriptorem
824 2135 879 2158 usum

86 2179 130 2204 esse
138 2167 175 2204 hoc
183 2169 226 2214 ipso
235 2168 337 2212 vocabulo,
346 2169 449 2204 ostendere
458 2172 540 2214 possunt
548 2167 596 2212 loci,
609 2180 656 2215 quos
666 2179 709 2204 cum
718 2181 749 2212 eo,
760 2170 784 2204 de
793 2180 832 2215 quo
840 2170 880 2215 agi-

86 2226 135 2258 muS,
144 2213 254 2260 composuit
261 2213 381 2250 Ulrlhornius
390 2213 402 2249 l.
412 2226 428 2249 c.
436 2226 454 2259 p.
463 2214 491 2249 98.
499 2234 523 2238 —
530 2213 553 2249 V.
563 2214 574 2249 7
583 2225 624 2261 sqq.
634 2214 697 2249 minus
706 2218 751 2260 apte
760 2214 878 2249 Dresselium

87 2259 111 2295 de
120 2260 232 2305 conjectura
241 2260 334 2295 edidisse:
346 2259 377 2295 διὸ
386 2259 424 2310 πρὸ
434 2258 511 2297 πάντων
518 2262 545 2308 με’
560 2265 619 2306 νησδε
627 2259 736 2297 ἀπόστολον
746 2259 756 2305 ἢ
764 2259 879 2296 διδάσκαλον

86 2303 208 2353 ἢπροφήτην
218 2305 296 2353 φεύγειν
306 2305 332 2354 μὴ
348 2304 443 2354 πρότερον
452 2304 537 2354 [ἀκριβεῖς
552 2304 686 2351 άντιβάλλοντα
699 2305 786 2343 αὐτοῦτὸ
795 2305 880 2357 κηρυγμα

85 2350 166 2397 Ἰακώβῳ
175 2372 198 2376 -
206 2355 236 2387 καὶ
246 2350 293 2398 μετά
301 2350 402 2400 μαρτύρων
410 2353 566 2400 προσεληλυθόσι
575 2351 623 2399 πρὸς
632 2353 686 2402 ὑμᾶς,
700 2352 774 2387 monuit
783 2353 824 2398 jam
833 2352 878 2388 Uhl-

86 2396 166 2433 lrornius
175 2397 187 2432 l.
197 2407 213 2431 c.
224 2409 242 2442 p.
251 2398 290 2441 362,
300 2398 343 2432 adn.
352 2398 368 2432 1.
391 2397 495 2433 Debentur
506 2401 570 2433 autem
580 2397 682 2434 Dresselio
696 2398 757 2434 verba
769 2397 846 2445 φεύγειν
861 2401 880 2432 et

87 2443 170 2498 ἀκριβῶς,
179 2454 217 2489 quo
226 2443 334 2488 posteriore
343 2443 440 2487 laciniam,
453 2454 503 2490 quae
515 2443 576 2479 estin
589 2444 657 2479 codice
669 2442 695 2485 Ο,
710 2443 824 2489 explendam
837 2454 879 2478 esse

87 2489 211 2525 existimavit.
235 2486 274 2524 Sed
286 2500 349 2535 neque
358 2500 388 2532 ea,
397 2500 447 2536 quae
460 2488 579 2535 excogitavit
590 2488 719 2532 Uhllrornins,
735 2488 782 2524 ferri
794 2491 880 2535 possunt

88 2533 177 2581 OonJ'ecit
186 2533 236 2569 enim
243 2533 375 2570 scribendum:
383 2555 406 2560 -
414 2533 515 2582 προιγήτην
521 2533 547 2583 μὴ
555 2534 650 2583 πρότερον
659 2533 794 2582 [ἀποδέχεσθαι
800 2533 817 2583 ἢ]
828 2534 880 2571 άντι-

86 2580 178 2626 βάλλοντα
189 2582 234 2615 cett.
253 2581 270 2615 E
285 2581 350 2615 uidem
365 2581 429 2615 locum
442 2581 462 2614 in
474 2580 523 2615 hanc
538 2580 579 2616 fere
594 2582 679 2626 speciem
691 2580 826 2626 retingendum
837 2591 880 2615 esse

87 2625 542 2674 σιλοὶλνονῑ-προφητηνμηπροσδέχεσθαι
552 2628 632 2672 ἕτερον
643 2624 655 2671 ἢ
667 2625 707 2663 τὸν
719 2624 880 2672 παρεστηκότα

88 2670 221 2718 ιἰντιβάλλοντα
229 2675 274 2706 cett.
299 2672 331 2708 Sic
341 2673 417 2706 demum
428 2677 482 2707 recte
494 2671 554 2707 habet
565 2672 689 2718 participium
701 2671 817 2717 praesentis:
827 2672 879 2708 ἀντι-

88 2716 182 2762 βάλλοντα.
205 2717 310 2753 Praeterea
322 2717 392 2763 liquet,
404 2720 461 2762 quam
473 2716 551 2763 egregie
560 2716 690 2761 παρεστηκότα
698 2717 781 2763 quadret
789 2717 847 2752 etiam
855 2716 880 2752 ad

89 2773 172 2807 sequens
186 2761 346 2811 προεξεληλυθότα.
363 2783 386 2788 —-
399 2762 422 2799 V.
438 2762 460 2797 14
469 2774 497 2809 sq.
513 2762 624 2798 Dresselius
641 2761 784 2807 Schweglerum
801 2766 879 2799 secutus

89 2806 175 2852 scripsit:
187 2807 211 2848 ὠς
222 2812 256 2844 οὑν
267 2808 313 2856 ἡμῖν
325 2807 359 2845 τὸν
370 2811 448 2856 Σίμωνα
463 2807 544 2853 ὑπέβαλε
556 2807 649 2855 προφάσει
662 2807 749 2852 ἀληθείας
760 2808 789 2843 ἐπ’
800 2808 879 2855 ὀνόματι

89 2855 124 2889 τοῦ
131 2856 195 2898 κυρίου
204 2852 257 2898 ὑμῶν
265 2853 391 2902 κηρύσσοντα,
403 2852 475 2898 πλάνην
487 2866 506 2888 τε
519 2854 649 2901 ἓνσπείροντα,
673 2852 699 2887 At
713 2854 794 2900 primum
810 2854 879 2889 vellem
