1827 3065
317 140 422 174 urrrouu
430 142 526 175 carcaa
778 132 819 174 177

1 282 3 284 μ
38 251 87 291 redes
98 242 160 287 Petri,
173 244 231 287 atque
244 238 326 276 amicam
338 251 391 275 suam
403 252 426 276 ac
438 241 553 278 familiarem
564 241 654 277 osculata
665 241 821 288 percontabatur,

35 295 77 346 quid
84 289 136 327 istud
144 290 201 324 esset.
213 284 241 322 At
249 285 284 321 illa
291 285 376 322 breviter
384 298 439 322 omne
448 288 466 322 ei
474 287 613 335 recognitionis
619 286 720 334 negotium
727 289 821 334 exposuit,

34 349 51 381 ca
59 338 90 388 qni
97 334 199 372 audierunt
208 331 340 378 obstupefacti
349 335 399 367 sunt.
422 332 477 369 Tunc
485 338 546 370 mater
553 333 651 380 hospitem
660 336 746 369 curatam
753 333 822 369 videns

34 383 113 435 rogavit,
125 383 147 415 ut
158 379 201 425 ipsa
212 389 287 425 qnoque
298 377 401 413 saultatem
412 378 514 425 acciperet.
538 379 575 416 Ille
587 383 651 415 autem
661 390 720 414 manu
731 378 822 427 imposita

34 437 90 483 ipsam
98 426 157 464 etiam
167 423 247 460 curavit.

74 482 135 521 XCII.
159 480 305 561 Sicquefipostea
313 479 382 515 Petrus
392 479 415 515 de
423 479 466 516 Deo
475 494 497 518 ac
507 481 530 518 de
538 481 615 529 propria
623 482 644 517 in
652 494 696 518 eum
704 481 743 517 fide
752 494 822 518 sermo-

1 523 4 541 ⁵
35 546 75 574 nem
86 528 153 572 habuit
166 530 186 562 et
198 528 218 561 in
244 536 268 561 ne
279 525 365 569 addidit:
385 524 406 561 si
417 527 459 572 quis
471 526 520 563 haee
530 528 573 563 vult
587 527 691 576 diligenter
703 539 822 575 cognoscere

35 575 160 618 Antiochiam,
172 572 207 608 ubi
214 583 249 617 per
256 572 327 607 multos
337 571 378 607 dies
386 572 470 608 residere
480 574 547 617 statui,
559 573 639 610 veniens
648 585 697 620 quae
705 574 731 610 ad
739 574 822 610 salutem

3 623 5 626 ’
36 635 82 664 suam
94 619 191 668 pertinent
203 618 271 654 discat.
296 617 316 653 Si
330 616 380 652 enim
391 618 506 665 negotiandi
516 621 550 654 aut
562 619 660 655 militandi
672 619 822 666 eausapatriam

2 702 3 705 ,
35 663 210 713 relinquere-soletis
219 667 239 699 et
251 663 276 699 ad
284 663 327 699 loca
335 662 464 699 remotissima
472 664 534 708 abh'e,
546 668 623 711 propter
632 669 730 702 aeternam
739 667 822 702 salutem

35 729 56 754 ue
66 715 121 750 trium
135 709 213 756 quidem
228 709 300 745 dierum
314 708 351 744 iter
363 708 460 755 suscipere
473 710 557 745 noletis?
574 711 643 757 ltaque
655 715 700 758 post
711 712 764 746 Petri
777 723 822 747 con—

37 764 105 799 cionem
114 767 153 803 ego
162 755 246 798 mulieri,
260 766 308 800 quae
318 758 386 790 sanata
394 753 466 799 fuerat,
480 766 542 791 coram
550 756 600 791 omni
612 757 683 803 populo
691 757 745 792 mille
755 757 822 793 drach-

0 821 1 826 *
36 819 71 844 mas
85 803 110 839 ad
122 802 196 836 rictum
210 800 255 836 dedi
268 803 288 835 et
302 801 434 836 commendari
448 812 490 836 eam
508 801 584 837 cuidam
599 802 649 838 bono
665 803 716 846 riro,
732 803 822 848 primario

0 851 3 890 ἶ
37 849 106 900 oppidi,
119 847 151 893 qui
164 848 232 892 sponte
243 845 264 881 id
276 857 319 881 oum
330 846 401 892 gaudio
412 846 476 882 facere
487 847 591 893 proposuit.
616 847 654 884 Sed
668 851 688 883 et
700 848 745 883 aliis
756 848 822 883 multis

0 931 2 934 .
41 894 130 935 Jecuniam
140 891 235 936 distribui,
245 902 294 938 quae
302 890 359 927 matri
367 892 463 938 quondam
472 893 561 928 solatium
569 893 706 938 praebuerant,
715 894 823 941 gratiisque

0 941 5 959 ⁵
37 912 74 980 ileo
82 939 130 976 actis
139 949 177 973 una
186 950 229 973 cum
237 940 306 982 matre,
316 937 384 982 Petro,
394 938 513 985 caeterisque
523 938 621 975 sodalibus
629 938 749 975 Antaradrmr
759 940 823 975 enari-

0 1001 6 1031 j
38 987 83 1037 gavi,
92 989 149 1031 atque
158 984 186 1019 ita
194 983 219 1019 ad
227 982 332 1030 hospitium
341 984 473 1030 processimus.

76 1040 147 1077 XCIII.
171 1039 211 1076 Ubi
219 1052 261 1075 eum
270 1050 354 1075 essemus
364 1043 383 1075 et
392 1041 539 1088 sumpsissemus
549 1041 612 1076 cibum
625 1052 648 1076 ac
657 1041 680 1077 de
689 1053 741 1077 more
750 1043 822 1089 gratias

0 1108 2 1128 3
38 1090 138 1137 egissemus
150 1088 208 1132 atque
220 1086 283 1121 adbuc
294 1089 369 1132 tempus
382 1091 499 1132 superesset,
511 1098 547 1134 ego
560 1086 600 1121 diri
611 1086 678 1121 Petro:
690 1086 824 1123 Humanitatis

0 1157 7 1168 ,»
38 1146 88 1182 opus,
101 1132 176 1168 domiue
185 1132 211 1166 mi
219 1131 283 1175 Petre,
293 1132 377 1167 exercuit
385 1143 428 1167 mea
435 1136 506 1175 mater,
516 1143 564 1177 quae
571 1131 660 1177 hospitae
667 1132 753 1167 mulieris
762 1143 824 1168 recor-

38 1182 78 1216 data
85 1178 148 1214 fuerit.
170 1176 279 1224 Respondit
287 1177 365 1212 Petrus:
378 1176 440 1222 ltanc,
450 1188 460 1212 o
470 1176 566 1221 Clemens,
574 1187 619 1212 vere
628 1176 750 1221 existimasti,
758 1177 824 1214 huma-

0 1227 5 1268 ,3
38 1224 99 1262 nitatis
108 1235 155 1270 opus
163 1222 236 1258 factum
245 1235 256 1259 a
264 1226 298 1258 tua
307 1223 415 1269 genetrice,
428 1223 503 1269 quando
516 1222 543 1267 ei,
556 1224 606 1268 ‘quae
618 1222 680 1268 ipsam
692 1233 715 1258 ex
722 1223 824 1271 nauhagio

0 1275 5 1314 ξ,
37 1273 139 1316 receperat,
156 1269 239 1316 gratiam
253 1269 330 1313 retulit,
346 1280 372 1304 an
387 1271 409 1303 ut
424 1268 482 1303 matri
496 1268 598 1314 plurimum
613 1267 759 1315 gratificareris,
774 1269 825 1306 hunc

0 1324 2 1327 ’
51 1316 99 1351 ’11511
108 1312 227 1351 sermonem?
243 1313 264 1350 si
276 1315 327 1350 enim
337 1325 377 1349 non
388 1317 457 1349 utrem
466 1317 540 1361 gratam
548 1313 632 1357 faceres,
645 1314 680 1349 sed
691 1318 713 1349 ut
724 1315 825 1350 veritatem

56 1360 143 1408 quereris,
153 1360 222 1396 effatus
231 1371 258 1405 es,
266 1359 338 1396 videris
346 1359 394 1394 mihi
402 1359 497 1406 ignorare,
505 1371 599 1405 quaenam
608 1359 633 1394 sit
639 1359 752 1406 magnitudo
760 1360 826 1397 huma·

65 1407 110 1450 atis,
125 1417 173 1452 quae
186 1409 216 1441 est
228 1417 280 1441 arnor
291 1405 311 1441 in
325 1405 431 1451 quemlibet
443 1409 537 1451 quatenus
552 1404 649 1441 hominem
664 1411 684 1441 et
698 1405 770 1451 absque
785 1407 825 1442 ullo

66 1453 115 1488 urali
124 1452 201 1488 affectu.
219 1450 257 1486 Sed
267 1462 304 1486 nec
312 1450 415 1498 hospitem,
425 1462 473 1497 qrrae
481 1455 562 1487 matrem
570 1454 623 1485 tuam
632 1461 642 1486 e
651 1450 752 1499 nauhagio
761 1463 825 1488 susce-

67 1525 71 1542 ,
88 1497 149 1533 ausim
163 1496 262 1532 hominum
276 1501 373 1532 amantem
384 1498 489 1543 appellare.
513 1496 647 1532 Misericordia
660 1496 711 1532 enim
725 1501 825 1542 commota,

61 1543 115 1590 pulsa
123 1546 153 1579 est
162 1543 187 1579 ad
195 1543 245 1579 bene
254 1541 364 1578 faciendum
372 1542 449 1578 mulieri
456 1542 579 1590 naufragium
586 1553 665 1589 passae,
678 1545 734 1578 natos
743 1543 826 1591 lugenti,

59 1590 151 1636 regrinae,
161 1588 230 1632 nudae,
240 1588 351 1632 destitutae,
360 1588 478 1634 multumque
488 1588 609 1624 calamitates
618 1599 662 1623 suas
671 1588 791 1623 lamentanti.
802 1589 826 1623 ln

3 1670 7 1677 2
57 1637 93 1670 ntis
108 1646 154 1681 crgo
168 1633 318 1670 adversitatibus
330 1636 439 1669 versantem
451 1634 493 1679 quis
507 1634 585 1677 videns,
602 1634 660 1668 etiam
673 1645 696 1669 cx
708 1633 772 1679 impiis
787 1646 826 1669 non

4 1678 9 1722 J
38 1682 134 1716 miseratus
143 1678 226 1716 fuisset?
239 1680 302 1722 Quare
310 1690 430 1724 nequaquam
438 1678 564 1715 humanitatis
573 1690 620 1725 opus
628 1689 664 1713 nec
672 1678 741 1714 mulier
748 1679 826 1725 hospita

5 1725 10 1764 1,
38 1726 109 1762 ridetur
117 1725 226 1771 peregisse,
239 1724 274 1761 sed
282 1724 307 1760 ad
314 1723 475 1760 benefaciendum
483 1728 535 1760 mota
543 1723 604 1759 firisse
612 1724 744 1759 misericordia
753 1736 776 1760 ex
783 1725 826 1771 plu-

4 1770 10 1812 ]
39 1771 87 1806 rimis
100 1772 186 1807 adversis
199 1773 245 1806 orta.
270 1769 345 1812 Quanto
356 1769 418 1816 magis
427 1781 496 1815 parens
505 1774 548 1812 tua,
560 1769 688 1805 facultatibus
699 1770 799 1806 abundans
808 1773 828 1806 et

8 1828 10 1831 ’
39 1816 130 1863 hospitam
141 1818 269 1859 remunerata,
281 1827 320 1851 nou
331 1814 457 1850 humanitatis
469 1826 516 1862 opus
528 1814 605 1859 effecit,
617 1826 683 1850 verum
695 1814 782 1850 caritatis
794 1827 829 1851 seu

6 1881 9 1885 -
40 1861 146 1898 amicitiae?
164 1861 227 1896 Multa
235 1864 300 1896 autem
308 1860 412 1895 intercedit
423 1859 535 1896 differentia
546 1860 597 1897 inter
605 1860 706 1896 caritatem
715 1864 734 1896 et
742 1860 828 1897 humani·

4 1926 9 1948 5
40 1910 104 1952 tatem,
117 1907 162 1953 quia
173 1907 243 1942 caritas
255 1906 332 1952 quidem
341 1917 364 1941 ex
371 1906 524 1942 remuneratione
533 1909 572 1951 est,
584 1906 694 1942 humanitas
702 1918 747 1942 vero
756 1908 829 1953 absque

2 1959 7 1986 J
40 1953 77 1988 ulla
84 1953 168 1989 naturali
175 1953 302 1999 propensione
310 1950 407 1987 hominem
413 1963 494 1997 omnem,
503 1951 549 1997 quia
555 1951 612 1987 homo
622 1955 658 1996 est,
668 1951 733 1999 diligit
740 1964 763 1988 ac
770 1953 829 1988 bene-

2 2001 11 2039 ζ,
40 1996 86 2033 ficiis
99 1997 166 2034 afficit.
189 1998 259 2043 Itaque
268 1997 284 2031 si
292 1997 372 2043 hospes,
382 2008 430 2043 quae
439 1997 518 2033 miserta
526 2000 562 2042 est,
572 1998 630 2033 etiam
638 1997 705 2033 hostes
714 1998 764 2033 male
773 1998 797 2033 de
806 2009 829 2034 ea

0 2047 9 2070 2³:
40 2043 114 2080 meritos
122 2044 213 2079 miserata
223 2042 320 2079 beneficio
328 2041 424 2086 afficeret,
435 2043 520 2079 humana
531 2047 592 2080 esset:
606 2043 636 2078 sin
644 2054 688 2079 vero
696 2047 774 2089 propter
782 2043 830 2089 quid

6 2094 10 2098 ‘
41 2091 98 2125 antica
107 2093 137 2125 cst
144 2089 176 2126 vel
185 2089 263 2125 inimica
272 2092 292 2124 et
299 2093 378 2135 propter
386 2088 433 2135 quid
440 2089 519 2124 inimica
526 2089 558 2124 vel
567 2088 638 2132 amica,
646 2088 695 2124 haec
703 2089 785 2123 alicuius
794 2089 828 2133 rei,

3 2138 8 2170 23
42 2145 86 2178 qliae
95 2147 153 2171 causa
162 2135 194 2179 sit,
204 2135 266 2171 amica
274 2138 305 2170 est
313 2135 345 2170 vel
353 2133 438 2179 inimica,
447 2146 487 2170 non
495 2138 559 2170 autem
567 2133 656 2169 hominis.

83 2191 152 2229 XCIV.
176 2192 202 2227 Et
215 2203 251 2239 ego
263 2191 363 2238 respondi:
376 2190 420 2228 Non
432 2203 477 2238 ergo
485 2191 523 2226 tibi
533 2190 609 2226 videtur
618 2201 660 2225 esse
669 2190 752 2226 humana
761 2191 830 2226 saltem

41 2235 113 2283 hospes,
123 2249 171 2283 quae
180 2238 201 2273 in
208 2237 335 2284 peregrinam,
345 2247 401 2283 quam
409 2248 448 2272 non
454 2239 539 2280 noverat,
547 2234 664 2271 beneficium
671 2236 767 2272 contulit?
781 2236 831 2272 Tum

6 2291 7 2294 ’
42 2280 115 2318 Petrus:
128 2284 176 2320 Eam
185 2283 261 2330 quidem
269 2281 413 2318 misericordem
421 2282 518 2329 appellare
527 2281 578 2325 nori,
586 2280 685 2317 homiuum
693 2286 758 2318 autem
766 2295 830 2319 aman·
876 2288 880 2291 '

42 2330 78 2363 tem
90 2342 128 2366 non
140 2329 201 2366 audeo
217 2329 290 2372 dicere,
304 2327 458 2373 quandoquidem
469 2338 505 2363 nec
517 2330 598 2362 matrem
611 2331 708 2363 amantem
719 2328 830 2373 liberorum,

6 2377 13 2422 {q
44 2374 109 2422 quippe
119 2387 167 2422 quae
176 2387 187 2411 a
195 2379 260 2422 partus
273 2373 369 2409 doloribus
379 2377 399 2408 et
407 2373 430 2408 ab
440 2372 554 2408 educatione
566 2372 592 2408 ad
603 2373 724 2421 diligendum
733 2375 831 2421 compulsa

3 2462 7 2464 ,
43 2461 176 2470 x—

5 2514 8 2538 ἱ
44 2510 420 2558 ino.-4)10oo.÷o)r‹‘>1›0n1.u.—
484 2513 524 2555 erp.
540 2512 603 2545 Xera.
628 2511 647 2557 1)
663 2513 728 2546 Notula
743 2511 830 2549 ΚΛΘ.Β’

7 2563 8 2567 ’
46 2555 196 2597 limidpesffiuo,
449 2557 528 2590 adoram
542 2558 562 2591 V⁴
580 2576 603 2581 -
619 2556 638 2603 2)
655 2557 737 2593 ἐνταῦθα
752 2559 799 2592 deest
813 2561 832 2593 in

76 2605 115 2650 Gap.
132 2607 186 2641 XCII,
214 2604 232 2650 1)
253 2600 344 2649 &parisiace
359 2604 381 2637 V.
397 2622 420 2627 —
449 2600 528 2646 V.-3)
537 2603 571 2636 τοῦ
580 2615 611 2636 oni.
620 2605 642 2638 V.
654 2600 706 2643 —4)
719 2600 778 2647 αὐτῆς
786 2606 833 2640 deest

3 2694 5 2697 .
45 2646 54 2678 2
69 2653 161 2695 πατρίδας
169 2653 219 2686 V.—
228 2649 245 2691 3)
255 2647 362 2695 ἀπέρχεσθε
372 2650 421 2682 0.-
449 2649 467 2681 in
478 2650 499 2683 V.
511 2667 534 2672 -
545 2647 562 2691 5)
575 2648 607 2692 τῆς
619 2650 638 2682 0.
651 2669 674 2673 —
685 2646 703 2690 6)
717 2647 792 2694 (ὁμοίως
803 2653 833 2686 καὶ

44 2688 55 2724 4
76 2695 96 2731 di
107 2699 128 2739 V,
140 2699 171 2732 ubi
182 2698 222 2731 dein
233 2695 259 2741 μὴ
271 2695 292 2730 di
304 2707 321 2741 p.
334 2693 384 2729 οὐδὲ.
398 2715 421 2720 -
450 2695 470 2728 O.
479 2714 502 2719 ——
514 2694 530 2735 1)
540 2695 591 2727 Voce.
600 2691 611 2737 1)
620 2694 640 2728 δὲ
652 2697 789 2740 φιλανθρωπία
799 2699 832 2732 des.

8 2749 11 2759 ²
46 2736 55 2771 5
77 2741 141 2777 Notula
156 2747 205 2778 Keil.
222 2739 241 2786 β’
262 2742 283 2775 ad
299 2753 345 2775 oram
362 2742 380 2774 Ο.
399 2760 421 2765 -
450 2741 468 2773 in
477 2743 498 2776 V.
510 2737 561 2782 -81
574 2740 674 2775 stratoni.
686 2741 739 2787 -91
752 2740 833 2790 ἔχῧπρὰῆ

46 2737 62 2826 fii
70 2785 153 2836 dqrqpcirg
161 2800 193 2823 scr.
202 2790 223 2824 V.
232 2808 253 2812 —
267 2786 285 2833 1)
294 2788 321 2831 aqi
329 2799 361 2821 our.
369 2789 390 2821 V¹
400 2806 422 2811 -
453 2788 497 2833 φίλη
505 2787 540 2821 inu.
549 2788 571 2827 V,
580 2787 610 2820 nbi
618 2787 657 2820 dein
666 2787 700 2820 des.
709 2786 726 2831 ἡ.

14 2873 16 2875 v
46 2825 62 2870 8)
71 2831 140 2882 ἑτέροις
148 2837 169 2868 V.
237 2879 240 2884 ³
488 2833 528 2877 Cap.
544 2833 605 2867 XCIV.
638 2831 655 2874 1)
676 2832 834 2880 εὐεργετήσασθαι

697 2938 714 2962 12
