1827 3065
338 99 443 133 errrour
455 101 552 135 aarum
802 90 843 132 179

53 209 82 246 sia,
105 203 155 239 Nam
168 198 219 235 sicut
231 197 264 244 qui
275 197 365 245 cupidine
377 197 514 245 inflammatur,
529 212 541 236 a
552 198 693 236 consuetudine
704 199 808 244 mulcetur,
823 204 843 236 et

2 272 6 289 ,r
53 251 122 291 amicus
134 259 146 282 a
159 243 321 296 remuneratione,
336 243 365 279 ita
379 248 399 281 et
413 245 446 292 qui
459 246 568 290 misereteu,
584 258 595 282 a
608 245 726 282 calamitate.
750 244 844 282 Attamen

53 295 157 336 misericors
165 290 248 326 humano
256 301 331 325 vicinus
340 293 379 334 est,
393 291 481 337 quoniam
490 292 562 339 absque
570 291 655 328 muneris
663 292 723 327 ullius
732 291 843 338 captatione

5 354 6 357 ¹
53 344 77 382 ad
96 336 219 376 raestandum
227 334 342 372 beneficium
351 335 415 372 ferar.
439 336 528 373 Nondum
536 338 704 375 tamenhumanus
713 340 748 374 est.
771 339 843 374 Eteo

5 386 6 389 ¹
54 390 100 426 clim:
125 382 154 419 Ob
170 393 217 428 quas
232 381 293 428 igitur
306 381 393 417 actiones
408 382 501 419 humanus
518 385 560 430 quis
575 396 617 420 esse
631 383 711 431 potest?
735 350 844 430 Respondit

53 436 128 472 Petrus:
149 428 199 470 Quia
210 427 267 463 video
279 430 299 463 te
311 427 400 474 cupidum
409 428 509 474 audiendi,
523 430 617 476 quodnam
626 431 653 465 sit
664 429 792 466 humanitatis
801 429 843 465 offi-

53 481 110 521 cium,
124 486 163 510 non
175 473 251 521 pigebit
263 473 333 509 dicere.
356 473 456 510 Humanus
468 479 506 520 est,
519 475 552 521 qui
564 477 623 512 etiam
634 476 719 512 inimicis
731 475 780 512 bene
789 475 843 511 iacit.

2 544 4 547 v
54 523 106 568 Quod
113 523 178 557 autem
186 519 214 555 ita
221 519 303 563 habeat,
313 518 364 554 andi.
387 519 502 556 Humanitas
511 525 542 556 est
549 522 715 567 masculofemina,
725 521 779 557 cuius
788 521 843 557 femi-

2 566 3 569 ’
53 581 88 607 nea
98 578 142 615 pars
153 564 285 616 misericordia
296 564 376 608 dicitur,
389 565 440 611 quod
450 566 529 603 veroin
541 566 575 603 illa
587 571 617 603 est
632 569 748 612 masculum,
763 567 842 603 dilectio

2 634 7 655 χ
54 625 98 662 arga
108 610 215 659 proximum
226 614 344 654 nommatur,
356 611 452 657 proximus
464 616 528 647 autem
538 612 612 648 homini
619 618 650 649 est
658 614 742 661 quilibet
750 613 814 657 homo,
823 615 843 648 et

0 673 2 675 ’
54 672 90 698 non
98 658 142 705 quia
154 668 202 691 unus
215 656 282 692 homo:
294 656 350 692 homo
359 657 410 692 enim
419 660 449 693 est
457 657 515 693 etiam
525 658 585 693 malus
595 662 615 694 et
623 659 690 704 bonus,
699 659 761 695 hostis
770 659 843 706 pariter

54 719 75 744 ac
86 703 163 740 amicus
187 700 268 749 Oportet
280 712 325 749 ergo
338 713 389 747 eum,
404 703 437 748 qui
450 702 588 739 humanitatem
601 705 657 750 colit,
672 706 788 741 imitatorem
802 703 842 740 Dei

55 761 103 795 esse,
116 751 136 785 et
148 747 171 783 de
184 747 241 783 iustis
252 751 310 793 atque
322 747 399 784 iniustis
411 749 461 785 bene
472 749 548 793 mereri,
561 750 611 785 sicut
622 751 663 797 ipse
674 752 728 787 Deus
738 751 813 786 cunctis
822 750 843 785 in

1 815 4 831 1
54 799 88 833 hoc
99 793 169 830 numdo
181 794 242 830 solem
254 793 363 839 imbresque
376 806 420 830 suos
434 794 520 841 praebet.
544 794 617 837 Quousi
630 796 680 832 velis
693 796 750 832 bonis
765 796 856 843 quidem

1 840 2 844 ’
54 840 170 883 benefacere,
179 851 218 875 non
224 843 289 875 autern
295 840 358 884 malis,
367 840 440 876 velhos
447 841 521 887 punire,
530 840 600 877 iudicis
606 854 674 878 miurus
681 842 761 889 implere
767 842 842 885 niteris,

0 893 2 913 ²
54 900 90 925 non
96 897 141 922 vero
149 884 221 921 habere
229 885 370 922 humanitatem
379 886 460 922 conaris.

96 941 156 979 XCV.
180 941 206 977 Et
215 954 251 990 ego
261 942 310 978 dixi:
323 943 374 991 Ergo
382 944 441 988 Deus,
463 945 483 979 ui
491 944 594 991 aliquando
603 944 722 980 iudicaturus
731 948 768 989 est,
776 948 799 980 ut
806 956 842 980 nos

55 991 115 1034 doces,
124 999 164 1024 non
171 993 202 1023 est
209 988 317 1024 humanus?
329 988 358 1024 Ac
366 989 444 1025 Petrus:
450 955 567 1038 cl³ugnantia
575 990 664 1036 loqueris.
680 990 731 1027 Nam
739 992 785 1036 quia
793 990 842 1025 iudi-

55 1035 113 1079 cabit,
128 1034 172 1069 ideo
184 1033 278 1069 humanus
294 1039 329 1072 est.
353 1034 444 1083 Diligens
458 1037 509 1071 enim
523 1047 545 1071 ae
560 1036 662 1071 miseratus
675 1036 745 1071 iniuria
761 1036 842 1072 affectos

3 1121 5 1123 ¹
54 1081 120 1128 plectit
129 1091 171 1124 eos,
183 1080 216 1126 qui
223 1079 312 1115 iniiniam
321 1080 431 1116 intulerunt.
454 1081 480 1116 Et
488 1093 525 1128 ego
533 1081 609 1126 ltaque,
617 1081 702 1126 inquam,
711 1081 741 1116 sii
758 1093 778 1117 se
785 1081 842 1117 bonis

2 1170 3 1173 Ἴ
54 1125 151 1164 benefacio
161 1129 181 1161 et
188 1124 290 1161 iniuriosos
300 1128 344 1171 quia
352 1126 417 1161 iniurii
425 1138 473 1174 erga
480 1126 568 1162 homines
573 1127 650 1161 fuerunt
658 1126 740 1173 castigo,
762 1138 842 1162 unranus

55 1184 98 1208 sum.
121 1171 147 1206 Et
155 1171 224 1207 Petrus
231 1172 341 1218 respondit:
355 1170 376 1207 Si
383 1184 422 1207 una
431 1184 474 1207 cum
484 1171 610 1218 praenotione
620 1170 702 1207 haber-cs
711 1183 786 1218 quoque
794 1171 843 1206 iudi-

0 1245 4 1255 ,
54 1217 108 1254 candi
115 1220 243 1264 potestatem,
251 1222 304 1253 recte
313 1218 334 1252 id
342 1217 426 1262 faceres,
438 1229 472 1264 per
480 1220 580 1262 acceptam
589 1217 666 1263 quidem
673 1220 792 1264 potestatem
799 1229 844 1253 con-

1 1263 4 1305 ᾗ
18 1305 20 1307 ,
54 1264 143 1299 demnans
152 1274 191 1306 eos,
201 1274 248 1309 quos
256 1262 310 1298 Deus
318 1262 396 1307 creavit,
405 1274 440 1309 per
447 1263 593 1309 praenotionem
598 1274 650 1307 vero,
659 1262 758 1310 inculpate
766 1263 785 1298 in
794 1262 843 1298 iudi-

0 1314 5 1355 [J
54 1308 113 1345 cando
124 1312 165 1343 tum
177 1308 225 1344 alios
237 1312 329 1354 tanquam
340 1309 401 1344 iustos
413 1308 525 1353 absolvens,
542 1311 583 1343 tum
595 1309 643 1344 alios
656 1311 748 1356 tanquam
762 1309 843 1344 iniustos

0 1359 5 1396 ζ
54 1355 149 1390 damnans.
169 1353 195 1390 Et
204 1365 240 1401 ego
249 1354 298 1390 dixi:
311 1354 373 1390 Recte
381 1355 457 1390 locutus
466 1366 486 1390 es
495 1366 518 1390 ac
525 1365 579 1399 rere3
587 1353 630 1390 fieri
639 1354 690 1390 enim
698 1354 771 1401 nequit,
780 1358 803 1389 ut
811 1354 844 1401 qui

53 1400 176 1447 praenotione
183 1404 242 1445 caret,
251 1404 304 1436 recte
313 1400 391 1436 iudicet.
410 1400 508 1436 interdum
517 1400 588 1446 quippe
596 1400 685 1435 nonnulli
693 1400 784 1435 videntur
791 1400 843 1443 boni,

54 1443 85 1492 qui
96 1446 167 1481 illicita
181 1446 231 1481 clam
242 1449 364 1492 perpetrant,
378 1445 467 1482 nonnulli
477 1457 522 1482 vero
534 1445 582 1481 boni
592 1445 677 1481 hostium
689 1446 786 1482 calumnia
797 1445 844 1480 mali

54 1502 95 1527 esse
104 1491 211 1527 creduntur.
228 1490 266 1528 Sed
274 1491 312 1527 etsi
320 1491 363 1538 quis
373 1495 470 1538 potestate
478 1492 582 1538 torquendi
589 1491 687 1538 praeditus
696 1491 775 1536 iudicet,
782 1502 844 1537 neque

1 1569 4 1582 Σ
55 1537 81 1572 sic
92 1538 143 1573 iuste
156 1537 232 1573 omnino
243 1536 324 1574 habebit
338 1537 430 1573 iudicare.
453 1537 536 1580 Quidam
545 1538 596 1573 enim
607 1537 716 1574 homicidae
724 1536 844 1583 quaestionis

0 1590 3 1613 ἐ
54 1586 148 1619 tormenta
155 1583 274 1629 perferentes
284 1583 359 1618 dimissi
371 1587 415 1619 sunt
426 1584 480 1619 uelut
488 1583 571 1627 innoxii,
580 1583 615 1618 alii
622 1594 677 1628 vero,
686 1583 719 1629 qui
728 1586 782 1618 erant
790 1582 843 1617 inno-

2 1648 4 1659 <
54 1631 128 1674 centes,
140 1640 183 1664 cum
194 1631 289 1665 tormenta
301 1629 350 1665 ferre
364 1641 403 1666 non
413 1628 533 1676 potuissent,
549 1632 615 1664 contra
627 1640 647 1664 se
660 1628 738 1664 mentiti
748 1628 803 1664 velut
814 1627 843 1663 rei

0 1683 4 1722 J
54 1674 148 1721 supplicio
157 1673 224 1710 affecti
233 1677 283 1709 sunt.

97 1730 168 1767 XCVI.
187 1730 237 1766 Tum
245 1731 313 1766 Petrus
324 1730 381 1765 dixit:
394 1729 459 1776 Atque
467 1729 516 1766 haec
524 1730 600 1766 modica
609 1733 659 1774 sunt,
668 1730 767 1766 audivero
775 1729 842 1765 maius.

54 1774 101 1812 Cum
113 1776 173 1822 aliqui
184 1775 271 1812 homines
282 1779 365 1823 peccaut
375 1777 407 1812 rel
417 1776 467 1812 bene
480 1778 550 1823 agunt,
563 1786 627 1812 eorum
636 1786 684 1821 quae
693 1779 796 1822 operantur
805 1775 844 1811 alia

54 1821 130 1867 quidem
138 1822 223 1868 ipsorum
230 1822 307 1868 propria
315 1825 369 1869 sunt,
381 1821 420 1857 alia
430 1832 475 1857 vero
488 1822 561 1866 aliena3
574 1833 656 1868 aequum
666 1824 731 1858 autem
740 1825 770 1856 est
777 1832 844 1856 unum-

54 1878 146 1913 quemque
154 1878 188 1914 pro
197 1867 275 1902 delictis
283 1867 365 1914 propriis
374 1866 419 1903 dare
427 1877 509 1914 poenas,
518 1870 551 1902 aut
559 1878 593 1913 pro
601 1867 675 1902 meritis
683 1866 765 1914 propriis
773 1877 844 1902 merce·

1 1921 3 1923 ’
55 1913 97 1948 dem
107 1912 161 1948 ferre.
185 1911 238 1948 Fieri
247 1915 312 1948 autem
320 1912 430 1959 nequit,ut
439 1912 543 1959 quispiam,
556 1913 595 1947 nisi
603 1913 655 1948 solus
663 1912 844 1960 prophetapraeno-

54 1958 126 1995 tionem
133 1958 213 2002 habens,
218 1958 242 1994 ab
250 1957 314 2005 aliquo
322 1963 378 2006 gesta
384 1959 440 2001 sciat,
447 1969 540 2004 quaenam
547 1957 588 1993 eius
595 1957 672 2005 propria
679 1959 718 1993 sint
724 1961 744 1993 ct
751 1968 845 2003 quaenam

54 2014 91 2039 non
100 2004 148 2049 sint3
156 2003 211 2039 videt
220 2003 271 2039 enim
280 2008 356 2047 cuncta,
365 2015 413 2050 quae
423 2003 477 2039 fiunt
497 2004 523 2039 Et
533 2015 569 2050 ego
579 2004 628 2039 dixi:
641 2003 717 2040 Vellem
725 2004 797 2047 audire,
807 2013 844 2048 quo

0 2071 1 2074 =
54 2049 109 2085 modo
118 2061 141 2085 ex
150 2048 262 2085 criminibus
271 2053 304 2085 aut
311 2049 368 2086 bonis
377 2049 467 2096 operibus
477 2050 516 2087 alia
522 2049 600 2095 quidem
609 2052 654 2084 sunt
661 2050 743 2096 propria,
752 2048 791 2083 alia
798 2058 844 2083 rero

55 2094 122 2132 aliena,
134 2094 244 2141 Respondit
251 2095 330 2131 Petrus:
343 2094 438 2131 Dominus
446 2100 513 2132 noster
520 2095 574 2130 Iesus
583 2094 671 2130 Christus
680 2094 732 2130 filius
738 2094 778 2129 Dei
786 2093 844 2128 duit:

2 2154 3 2158 ¹
57 2140 135 2187 Oportet,
143 2147 164 2176 ut
171 2142 246 2177 verziaci
254 2142 313 2187 cona
323 2142 385 2177 beatus
394 2147 459 2186 rudem,
468 2141 540 2188 inquit,
546 2152 582 2186 per
591 2152 643 2185 qaaerit
650 2141 729 2175 vectarat.
753 2140 845 2189 Similiter

55 2197 124 2222 accesso
136 2193 170 2231 est,
181 2192 203 2222 at
214 2187 270 2222 etiam
282 2187 358 2222 'recitant
368 2189 433 2232 mula,·
449 2199 483 2223 acic
494 2192 554 2222 aretem
565 2186 644 2230 hauriat,
655 2198 691 2231 pa·
704 2197 756 2231 qaaere
764 2186 844 2221 coiciunt.

55 2229 111 2268 Pon-o
124 2231 141 2267 si
152 2243 186 2279 per
196 2232 257 2267 malos
268 2231 348 2267 veniunt
360 2233 411 2268 mala
423 2236 443 2268 et
453 2243 487 2278 per
495 2232 555 2267 bonos
563 2230 615 2266 bona
623 2230 739 2275 infertmtur,
748 2230 845 2277 proprium

0 2300 1 2303 η
55 2276 158 2324 unicuique
166 2277 230 2314 inesse
243 2276 301 2312 debet
310 2277 382 2312 bonum
390 2278 422 2313 vel
429 2278 510 2320 malum,
523 2288 546 2312 er
554 2275 578 2311 iis
588 2287 636 2322 quae
644 2277 717 2323 priuso
733 2280 796 2312 eratus
806 2278 844 2319 est;

1 2359 2 2363 ,
56 2323 106 2367 quod
116 2323 196 2359 veniunt
208 2322 293 2358 secunda
303 2323 355 2358 bona
364 2323 397 2358 vel
407 2323 467 2367 mala,
481 2333 538 2369 quae,
552 2333 594 2357 cum
606 2333 618 2357 a
626 2322 704 2369 propria
728 2322 797 2357 ominis
806 2321 845 2355 sint

37 2368 160 2418 „voluntate
169 2372 191 2403 ut
199 2368 316 2412 exoriantur,
326 2367 392 2403 divina
399 2367 486 2402 instituit
493 2366 620 2414 providentia.
643 2366 713 2414 ltaque
722 2367 759 2402 hoc
768 2370 798 2402 est
805 2366 846 2401 Dei

56 2411 156 2459 iudicium,
170 2416 192 2449 ut
200 2414 233 2462 qui
241 2425 275 2461 per
286 2424 361 2450 omnem
368 2413 498 2457 vexationem,
507 2413 561 2448 velut
569 2412 590 2448 in
598 2424 669 2460 agone,
681 2412 780 2449 transierit
789 2415 808 2447 ct
816 2411 844 2447 in-

57 2563 78 2597 V.
89 2583 112 2589 -
122 2563 141 2610 2)
153 2566 205 2600 Voce.
215 2563 249 2610 οὐχ
258 2561 287 2598 ὅτι.
296 2559 323 2603 εἷς
332 2560 435 2607 ἅνθρωπος

57 2619 88 2642 om.
101 2612 121 2644 in
135 2612 155 2645 0.
170 2611 233 2644 Melius
247 2613 304 2644 noster
316 2611 367 2643 Hom.
379 2610 435 2644 codex
498 2610 538 2653 Cap.
547 2609 609 2644 Keil.
633 2608 651 2650 1)
661 2608 697 2655 ἔφη
706 2607 846 2653 0.-2111510ὲ

58 2652 92 2699 οὐχ
100 2653 140 2695 ὅτις
148 2653 252 2704 ἅνθρωπος
259 2670 283 2683 =
290 2667 324 2689 non
332 2656 360 2689 hic
370 2656 396 2689 vel
403 2656 436 2689 iste
464 2655 495 2688 ubi
502 2658 557 2687 tamen
566 2653 653 2701 ἔρχονται
661 2667 699 2698 scr,
709 2652 751 2689 odai
760 2654 780 2690 di
789 2655 801 2689 d
803 2653 813 2689 ι’
823 2654 845 2690 οὑ

57 2699 112 2735 homo.
466 2699 538 2747 ἔρχεται
551 2701 613 2734 Matth.
627 2697 655 2741 18,
669 2698 685 2735 7.
701 2702 744 2734 Luc.
754 2698 782 2743 17,
795 2700 811 2734 1.
823 2720 846 2725 -

91 2748 195 2792 capior.
221 2745 237 2789 l)
251 2745 298 2782 ἔνιοι
310 2749 331 2782 V.
343 2766 367 2771 —
380 2745 397 2787 2)
410 2759 438 2786 τις
466 2744 483 2790 3)
499 2743 577 2780 ἑκάστου
588 2748 609 2780 V.
624 2764 647 2768 -
659 2744 677 2790 4)
690 2748 721 2781 καὶ
731 2746 751 2785 ἐξ
760 2748 846 2780 Hom.—

58 2789 92 2824 des.
103 2794 122 2826 in
132 2794 152 2827 V.
164 2812 187 2817 —
196 2791 214 2836 3)
227 2790 276 2828 οὕτω
288 2794 307 2828 Ο,
318 2812 342 2817 -
353 2790 370 2834 4)
383 2789 438 2828 ‹51er-
467 2791 583 2836 5111161110,
596 2791 627 2826 dri
637 2791 700 2828 ἐλθεῖν
710 2794 733 2826 V.
747 2811 770 2816 -
783 2790 802 2838 6)
812 2790 845 2827 οὖν

60 2836 96 2874 ζειν
105 2839 124 2872 0.

708 2882 736 2909 ra*
