1827 3065
336 137 442 172 armona
453 137 529 172 aaron.
802 121 830 167 33

139 255 151 289 d
159 255 234 300 gentes,
244 262 292 298 quae
300 251 371 287 multos
381 251 426 286 deos
435 254 533 296 asserunt,
541 253 564 285 ut
571 248 703 297 praedicarem
711 258 734 282 ae
743 246 831 300 docerem

136 312 145 336 e
156 301 220 335 Deum
231 298 252 332 in
262 296 324 332 tribus
351 296 423 332 ersonis
436 300 540 333 creatorem
551 295 601 332 caeli
610 298 630 331 et
637 298 700 330 terrae
708 299 830 339 ommumque

135 358 143 380 s
153 343 280 387 continentur,
290 354 327 389 quo
336 309 422 378 Homines
432 342 503 379 dilecto
516 354 538 378 eo
549 344 630 389 possent
641 341 723 376 salutem
731 338 830 386 consequi,

135 403 157 426 ns
167 389 254 426 diabolus
261 387 358 424 Simonem
363 388 468 435 praemisit,
477 392 499 424 ut
504 388 630 435 persuaderet
636 384 746 422 hominibus
755 385 830 437 cunctis

130 449 160 481 os,
175 434 208 482 qui
219 446 258 470 non
270 437 323 477 sunt,
337 437 397 480 utque
407 438 519 470 recusarent
528 434 604 470 credere
613 433 701 468 inunum
709 430 782 475 Deum,
797 441 830 476 qm

130 480 216 517 condidit
226 484 268 514 tum
275 479 370 524 visibilia,
382 484 424 515 tum
435 480 547 516 invisibilia.
570 479 647 515 Idcirco
664 480 781 530 oportetbme
790 478 829 512 cito

130 539 167 571 um,
177 537 201 562 ne
210 525 297 561 doctrina
303 524 386 561 Simonis
396 526 468 561 diutius
477 526 577 561 immorata
586 537 652 561 omnes
658 523 737 571 penitus
744 523 829 558 invadat.

79 572 151 608 unna
176 572 237 613 Quare
251 582 331 606 necesse
346 574 381 615 est,
396 571 467 618 aliquis
480 584 515 617 pro
529 583 559 608 me
574 572 638 607 locum
654 581 717 605 meum
734 568 828 614 suppleat.

74 631 98 654 ue
107 617 172 654 cuncti
180 617 244 652 Deum
255 616 329 652 intente
342 628 422 661 oremus,
431 621 453 652 ut
462 629 505 653 eum
513 617 546 664 qui
555 617 626 664 dignus
635 616 661 651 sit
669 614 724 651 Deus
734 614 829 661 designet.

65 666 107 700 ibus
116 664 173 698 dictis
182 662 273 709 imposuit
281 674 348 698 manus
357 662 456 699 Zaoohaeo
466 667 486 699 et
494 663 530 699 ait:
540 663 591 699 Here
599 662 684 698 Domine
692 664 748 708 pater
757 659 829 695 domini

35 711 109 757 Deique
121 721 144 745 ao
155 707 256 744 salvatoris
268 707 329 744 nostri
340 708 385 744 Iesu
397 708 478 754 Christi,
493 721 527 756 per
539 709 628 756 spiritum
639 713 694 744 tuum
706 710 794 742 sanctum
802 707 828 741 ¹ac

0 758 13 800 ss?
35 755 150 793 adorabilem
161 758 183 790 tu
192 753 244 789 huno
254 754 359 800 tuere,qui
384 759 436 791 astor
444 755 657 803 sitpopulitui,quem
666 752 750 801 elegisti.
773 752 828 788 Haec

3 812 8 848 ,j
35 802 67 838 ubi
75 802 162 845 dixisset,
171 800 196 836 ad
203 800 295 847 populum
303 800 355 836 iniit:
369 768 483 849 Cuicunque
492 801 587 849 baptizari
595 802 661 846 vultis,
671 811 695 836 ex
703 799 787 835 crastino
796 798 827 833 die

0 853 9 881 12
35 848 117 884 ieiunare
128 846 213 893 incipite.
237 846 285 882 Post
296 850 335 883 tres
348 851 412 883 autem
421 848 462 884 dies
475 860 518 883 oum
526 848 626 895 baptizare
635 843 829 894 coepisset,vocavit

2 917 9 941 3
35 904 64 928 me
73 892 196 936 Clementem,
205 891 296 929 Nicetam
305 897 324 928 et
332 891 424 940 Aquilam
432 906 454 930 ac
464 894 521 929 dixit:

77 937 147 974 XLIV.
172 938 244 985 Tyrum
251 938 371 984 profeotmus
381 944 426 987 post
435 944 509 986 septem
517 940 559 976 dies
567 940 617 984 volo,
626 940 656 974 nti
663 950 697 974 vos
707 937 796 974 celeriter
805 947 827 972 eo

35 984 157 1020 advenientes
167 987 186 1019 et
194 984 246 1029 apud
254 983 388 1021 Chananaeam
396 985 510 1022 Berenicem
520 986 586 1022 Iustae
598 985 659 1022 filiam
671 985 721 1020 olam
732 983 827 1030 hospitati

3 1044 6 1059 1
35 1029 96 1065 omnia
111 1041 159 1076 quac
172 1029 198 1065 ad
212 1028 308 1066 Simonem
322 1031 420 1077 pertinent
435 1032 560 1079 investigetis
572 1044 595 1068 ac
610 1032 715 1079 diligenter
726 1029 775 1064 mihi
785 1040 827 1075 per—

1 1091 5 1105 :
35 1075 127 1110 scribatis.
152 1075 270 1122 Quapropter
278 1076 355 1112 iamiam
364 1089 462 1123 cumpace
470 1078 552 1124 pergite.
572 1076 828 1125 Igiturrelinquenteseum

2 1139 8 1155 2.
33 1120 163 1165 baptizantem
174 1121 195 1156 in
206 1120 279 1166 Tyrum
289 1121 406 1157 Phoeniciae
417 1123 500 1169 profecti
513 1135 583 1157 sumus.
606 1123 633 1157 Et
645 1120 697 1168 apud
707 1119 828 1167 praedictam

35 1164 168 1201 Chananaeam
175 1166 266 1201 diversati
274 1167 389 1213 acceptique
401 1167 424 1202 ab
434 1179 457 1203 ea
466 1168 567 1214 splendide
579 1180 601 1203 ao
611 1164 717 1203 honorifice
729 1165 796 1201 statim
805 1164 828 1201 de
870 1211 872 1214 ᾖ

0 1211 8 1245 {2
35 1210 109 1246 Simone
117 1211 178 1245 locuti
186 1222 250 1246 sumus
258 1211 288 1246 his
297 1212 370 1247 verbis:
384 1211 448 1248 Simon
457 1214 494 1249 iste
502 1225 584 1261 magnus
593 1214 613 1248 in
622 1212 762 1259 disputatione,
772 1222 828 1257 quam

34 1268 76 1291 cum
87 1255 163 1291 domino
174 1259 239 1292 nostro
254 1256 312 1292 Petro
325 1256 430 1293 Caesareae
439 1258 516 1304 habuit,
525 1263 626 1306 superatus
642 1257 709 1294 statim
723 1269 745 1293 eo
759 1256 829 1292 habitu

34 1313 70 1347 <1110
82 1304 122 1336 erat
129 1300 167 1336 huc
179 1312 199 1336 se
207 1301 300 1348 profugus
309 1303 397 1347 contulit,
407 1307 465 1350 atque
473 1305 494 1340 in
504 1316 547 1340 eum
554 1305 660 1341 maledicta
669 1303 774 1339 coniiciens
783 1303 827 1338 sim-

0 1348 8 1387 33
34 1346 133 1392 plioioium
144 1346 217 1382 animas
229 1347 309 1394 abripit,
322 1360 402 1394 eumque
413 1349 455 1396 ipse
463 1362 532 1398 magus
542 1351 577 1395 sit,
586 1351 642 1385 illum
648 1361 726 1396 magum
734 1348 826 1395 appellat,

115 1392 141 1426 sit
149 1392 247 1439 impostor,
255 1391 371 1439 Apostolum
379 1394 503 1441 impostorem
510 1397 623 1442 proclamat,
633 1396 703 1442 quique
710 1395 731 1430 iu
739 1394 827 1431 omnibus

0 1463 9 1487 3,
35 1437 120 1472 revictus
129 1436 167 1472 fuit
175 1449 233 1484 seque
242 1439 262 1473 in
269 1439 337 1486 fugam
344 1440 427 1487 turpiter
436 1442 526 1486 coniecit,
533 1442 604 1478 vicisse
614 1454 635 1478 se
643 1440 749 1489 profitetin·¹

63 1481 143 1534 ,Xva
159 1483 252 1519 Berenice
267 1489 332 1520 autem
343 1485 385 1531 ipsa
397 1497 472 1533 quoque
487 1487 515 1523 ita
528 1499 568 1523 rem
582 1487 653 1524 habere
665 1489 739 1523 testata
753 1488 792 1529 est,
808 1488 828 1521 et
865 1507 867 1509 v

0 1541 6 1580 3}
33 1527 106 1580 reliqua
118 1527 156 1562 alra
167 1540 202 1575 per
213 1540 234 1564 se
246 1529 327 1565 addidit.
358 1530 497 1568 Phantasmata
506 1533 565 1577 enim,
575 1533 644 1579 inquit,
653 1535 756 1580 postquam
764 1531 781 1566 is
788 1531 827 1566 hue

0 1580 7 1602 ’ἰ
34 1572 110 1607 advenit
123 1576 142 1625 et
153 1577 230 1620 spectra
240 1586 263 1610 ac
276 1575 378 1611 simulacra
389 1578 476 1623 quotidie
487 1579 507 1613 in
519 1579 582 1614 medio
591 1578 632 1614 foro
640 1578 715 1614 faciens
723 1580 786 1613 totam
794 1577 827 1612 ob-

34 1617 137 1663 stupefacit
146 1619 254 1655 oiuitatem:
262 1632 307 1656 nam
316 1624 391 1657 statuae
401 1623 478 1668 quidem
485 1628 594 1669 moventur,
607 1624 682 1671 quaudo
691 1623 733 1670 ipse
741 1626 827 1669 pertran-

1 1704 2 1707 ,
34 1663 64 1707 sit,
72 1667 91 1698 et
97 1675 141 1699 vero
148 1676 205 1712 saepe
211 1665 290 1702 umbrae
299 1667 317 1702 ei
324 1672 422 1714 praeeunt,
431 1680 478 1715 quas
486 1673 505 1705 et
514 1669 647 1706 detunctorum
655 1669 728 1706 animas
734 1667 826 1704 nominat.

1 1741 6 1749 J
33 1707 104 1744 Multos
111 1721 172 1756 porro,
182 1711 215 1757 qui
224 1723 267 1747 eum
273 1713 442 1760 praestigiatorem
451 1715 548 1761 dicebant,
556 1728 599 1751 oum
606 1719 675 1763 postea
683 1714 709 1750 ad
717 1714 826 1750 convivium

0 1763 7 1798 3*
33 1760 120 1808 vocasset
130 1759 149 1791 et
157 1756 226 1792 bovem
234 1761 340 1794 mactasset
348 1760 433 1807 ipsisque
442 1760 462 1796 in
471 1772 535 1797 escam
544 1762 636 1806 dedisset,
645 1761 703 1798 variis
711 1760 783 1796 morbis
792 1760 826 1795 im-

4 1825 6 1828 s
32 1799 101 1854 plicuit
109 1805 166 1848 atque
176 1802 277 1839 daemones
286 1805 314 1839 eis
323 1805 411 1841 immisit:
423 1806 444 1841 in
453 1819 525 1843 summa
533 1808 604 1844 multos
612 1807 718 1856 affligendo
728 1807 775 1842 deus
784 1817 826 1842 esse

33 1850 199 1900 emstrmatusest.
224 1848 318 1891 Quocirca
332 1861 373 1887 non
385 1855 442 1898 puto,
461 1864 575 1901 quemquam
585 1855 690 1890 valiturum
704 1853 827 1900 exstinguere

1 1934 2 1937 Ἰ
32 1894 106 1927 tantmn
113 1904 179 1940 ignem
186 1905 293 1930 accensum.
310 1895 372 1938 Quare
381 1909 404 1933 ea
412 1899 475 1946 gratia
482 1903 505 1934 ut
512 1912 547 1936 vos
556 1901 577 1936 in
584 1901 691 1948 periculum
698 1911 738 1935 non
743 1898 827 1934 veniatis

0 1951 6 1973 1r
30 1935 104 1991 hortor,
119 1940 259 1993 nequicquam
271 1942 362 1977 adversus
374 1954 417 1979 eum
428 1945 517 1991 tentetis,
533 1950 636 1993 antequam
643 1946 749 1994 Apostolus
757 1944 826 1980 Petrus

0 1993 5 2028 J
33 1987 111 2036 venerit,
121 1995 154 2031 qui
162 1986 234 2021 domini
241 1998 263 2022 ac
271 1986 310 2023 Dei
317 1989 380 2023 nostri
387 1988 433 2025 lesu
439 1989 512 2026 Christi
519 1992 667 2040 probatissimus
676 1991 784 2038 discipulus
793 2001 827 2037 po-

2 2050 5 2060 <
34 2031 79 2064 terit
86 2030 137 2065 solus
146 2035 213 2084 contra
220 2035 295 2068 tantam
302 2035 410 2080 potentiam
419 2036 515 2073 dimicare.

2 2081 4 2084 ·
77 2074 147 2112 XLVI.
171 2077 207 2112 His
219 2077 332 2116 a‘Berenice
342 2080 400 2116 dictis
411 2093 446 2118 nos
454 2093 514 2120 :mane
527 2088 597 2120 cuncta
604 2084 627 2119 de
637 2083 713 2120 Simone
723 2094 766 2118 oum
781 2081 826 2117 scri-

3 2116 4 2119 ’
33 2118 180 2167 psissemus,ad
188 2123 338 2161 ambulationem
350 2127 478 2165 convertimus
490 2130 580 2176 gradum:
599 2130 625 2165 Et
643 2129 734 2166 continuo
748 2127 827 2209 Appion

0 2169 4 2214 ξ
34 2174 75 2200 cum
83 2167 126 2202 aliis
138 2169 219 2217 triginta
230 2172 313 2206 occurrit
324 2172 390 2219 nobis,
404 2173 483 2222 Appion
494 2179 520 2221 is,
534 2176 589 2212 carius
601 2179 646 2212 ante
654 2175 772 2211 mentionem
789 2173 826 2210 eci·

1 2255 3 2257 .
37 2248 167 2258 κ

34 2295 125 2348 sententiae
136 2299 179 2331 male
188 2299 343 2335 confundebantur:
359 2299 382 2337 τά
394 2315 414 2338 τε
444 2304 480 2338 Cot.
490 2322 514 2327 —
528 2301 546 2349 6)
562 2301 597 2340 τὸν
611 2317 644 2340 om.
657 2306 676 2339 C.
690 2323 710 2327 —
726 2301 745 2349 7)
757 2302 828 2343 εὐθέως

2 2373 3 2376 ¹
35 2349 91 2385 opatu
98 2343 128 2375 καὶ
136 2340 159 2377 τὰ
167 2340 242 2390 ἀόρατα,
249 2343 286 2391 χρή
294 2359 324 2392 με.
443 2350 499 2383 BCD.
511 2368 533 2374 —
551 2348 570 2396 8)
587 2348 710 2400 ἀνακηρύττει
725 2351 757 2384 CD
774 2354 791 2384 et
805 2351 827 2384 al.

34 2427 37 2434 Ι
67 2385 105 2429 Cap.
114 2388 178 2424 XLIII.
203 2387 221 2435 1)
234 2390 311 2431 ἐκτενῶς
323 2394 358 2427 τοῦ
366 2395 414 2439 θεοῦ
443 2396 516 2439 aptot.

33 2439 65 2461 mv.
78 2431 114 2486 CB.
128 2453 151 2458 —
165 2433 183 2481 2]
193 2432 285 2475 ἀναδείξει
294 2439 327 2472 luit
335 2440 414 2474 inu-
477 2442 517 2486 Cap.
531 2443 586 2476 XLV.
615 2440 634 2488 1)
656 2439 735 2486 ἑκάστην
754 2439 826 2489 ἡμέραν

33 2470 412 2530 3)χειρ1ιΗ[)111,ΠΙ,72111101111ΕΡΞ1.,
442 2487 508 2530 plonius
520 2490 540 2520 Β.
559 2506 583 2511 -
602 2485 621 2533 2)
638 2487 659 2522 dt
670 2489 732 2521 exoldit
744 2489 787 2523 Cler,
800 2489 826 2522 ed.

1 2559 3 2562 Α
34 2526 160 2569 ταςχεῖραςΒ,
442 2530 493 2566 1724,
518 2533 594 2566 Subinde
612 2532 683 2571 πολλὰς
700 2546 717 2578 p.
736 2532 827 2574 πολλάκις

2 2598 4 2600 ,
63 2566 103 2624 Cap.
111 2570 175 2607 XLIV.
183 2570 202 2618 1)
210 2571 244 2617 τὴν
252 2585 285 2607 om.
295 2574 370 2616 B.—2)
376 2588 413 2620 χα-
441 2577 491 2610 BCD
506 2581 523 2611 et
536 2579 558 2611 al.
573 2589 599 2623 ap.
614 2580 651 2613 Cot,
668 2580 702 2612 Cfr.
719 2582 827 2624 Anastasius,

2 2649 4 2651 ι
33 2614 113 2649 1111111111
122 2617 162 2669 CD,
172 2620 197 2653 ed.
204 2620 255 2654 Hom.
261 2623 340 2666 princeps
346 2622 378 2664 111,
386 2620 413 2665 73,
443 2623 533 2666 Cedrenus,
542 2624 655 2668 Nicephorus.
664 2644 687 2649 ——
699 2623 717 2672 3)
726 2628 757 2661 καὶ
766 2639 798 2661 om.
806 2630 826 2661 B.

2 2672 4 2674 v
33 2660 142 2712 nostraEprt
152 2668 168 2697 et
177 2667 198 2699 al.
207 2676 234 2710 ap.
243 2667 312 2700 Cot—
326 2664 413 2713 3)χ1111ι-
442 2666 491 2715 -4)
506 2682 537 2704 και
544 2682 613 2710 (corone
620 2667 708 2712 εστιάσας
718 2684 750 2707 om.
762 2676 783 2708 D.
805 2693 826 2698 -

33 2703 129 2740 morou
139 2713 184 2745 1111λ
193 2722 220 2757 ap.
230 2713 273 2755 Cot,
286 2710 413 2761 παρὸιΒερνί-
442 2713 453 2748 5
470 2715 552 2762 δαίμονα
560 2714 827 2766 e.-6)tpc5v†al.ap.o⁰t.-

32 2757 54 2793 κη
65 2753 145 2803 θυγατρὶ
156 2757 189 2802 τῆς
197 2759 333 2803 χαναανίτιδος
348 2763 413 2805 (χανει-
443 2759 453 2794 7
472 2761 520 2809 ἔγχει
534 2764 633 2807 ίσητεΟΙ).
693 2758 700 2762 ’

32 2795 104 2837 vrtrdog
115 2801 150 2836 Cot.
163 2808 180 2837 et
192 2806 313 2850 nostraEpit.)
322 2808 373 2841 Hom.
381 2809 412 2852 IV,
478 2810 517 2854 Cap.
536 2810 542 2821 '
560 2810 590 2844 VI.
615 2807 633 2856 1)
642 2807 749 2858 cipriaD.-
763 2810 782 2858 2)
791 2814 827 2846 No-

59 2845 75 2874 el
90 2850 148 2881 nostra
161 2851 177 2883 E
189 2851 208 2883 it.
220 2870 243 2875 —
254 2849 274 2897 4)
291 2851 376 2896 δαψιλῶς
391 2854 413 2887 al.
442 2856 499 2889 tabilis
511 2856 553 2888 boni
562 2857 686 2901 Epitomatoris
698 2860 787 2893 memoriae
802 2861 827 2893 la-

32 2895 58 2930 ap.
73 2889 109 2924 Cot.
123 2912 147 2918 —-
166 2862 188 2941 ὃ)
202 2897 254 2931 Deest
270 2899 301 2932 καὶ
318 2900 336 2932 in
351 2900 372 2932 al.
387 2911 413 2945 ap.
442 2913 483 2946 psus
488 2913 540 2943 ,nam
547 2903 631 2947 Appionis
637 2915 700 2938 nomen
707 2906 746 2939 heic
754 2907 828 2950 primum

685 2962 693 2989 3
