1827 3065
333 128 525 163 nrrrourrurou.
826 112 854 155 41

60 243 79 278 et
87 237 192 276 commento
201 244 240 269 una
248 243 291 267 cunr
299 228 398 277 Appione,
409 228 535 272 Annubione‚
547 226 683 270 Athenodoro,
696 224 809 271 ceterisque'
817 237 855 261 om-

59 286 114 323 nibus
127 280 224 317 sodalibus
236 276 347 324 excogitato
362 276 440 322 publice
454 273 576 311 multitudini
591 273 688 310 clamabat
696 271 778 324 ‚Petrum
792 274 856 307 osten-

129 326 201 374 Fugite
212 325 270 365 bunc,
279 321 339 365 oviri,
349 321 401 358 omni
410 321 473 357 studio
485 333 508 357 ac
516 320 649 363 festinatione,
658 319 731 370 firgrte3
741 318 807 353 dicens
816 329 855 352 ma-

119 376 146 416 st,
158 370 206 406 mibi
219 367 301 412 credite,
314 371 333 403 et
344 371 407 403 terrae
418 371 491 403 motum
502 367 519 401 is
528 366 570 413 ipse
582 364 634 409 apud
642 377 676 401 vos
684 365 733 399 fecit
741 363 856 409 morbosque

111 418 159 462 avit,
168 420 232 452 utros
240 417 352 460 perterreat,
365 414 450 460 deusque
459 412 510 455 apud
522 424 556 448 vos
568 411 633 458 palam
645 410 744 447 habeatur.
770 407 855 455 Cumque

60 465 140 515 populus
150 474 170 498 se
179 462 230 496 intra
239 459 338 494 silentium
346 458 452 503 tenuisset,
464 458 533 494 Petrus
543 456 645 493 subridens
653 454 737 503 plurima
746 466 789 490 cum
797 454 854 490 liber-

60 516 109 555 tate,
121 508 173 552 Viri,
186 506 258 553 inquit,
271 516 319 550 quae
332 505 356 541 ab
368 504 412 540 istis
425 504 514 540 dicuntur
525 516 556 539 me
567 514 625 549 posse
633 502 676 539 Deo
685 500 764 537 volente
777 500 856 536 efficere

60 559 130 599 fateor3
138 553 219 590 adhaec
227 554 305 598 paratus
315 562 361 594 sum,
370 550 409 585 nisi
417 550 464 585 mihi
472 550 579 585 habueritis
588 548 647 585 fidem
655 548 676 584 in
684 546 715 583 his
724 558 773 593 quae
782 546 855 593 loquor,

61 603 169 639 universam
176 602 261 634 vestram
270 597 293 632 ab
302 596 351 643 ipsis
359 596 491 632 fundamentis
500 600 586 631 evertere
596 594 701 631 civitatem.

106 656 178 692 LVlIl.
196 655 246 690 Tum
254 654 311 689 truba
320 657 443 689 consternata
452 658 487 697 est,
497 653 542 688 dein
550 656 638 700 prompto
647 652 711 688 animo
719 649 826 696 promittit,
836 661 856 685 se

115 714 135 738 so
143 702 238 748 imperata
245 699 349 744 facturam,
362 703 382 735 et
390 699 459 735 Petrus
467 698 528 735 Nemo
537 702 628 743 vestrum,
637 698 710 745 inquit,
722 695 804 743 posthac
814 708 857 731 cum

62 749 123 796 nragis
132 746 265 783 commercium
273 745 353 790 habeat,
365 756 428 791 neque
436 757 517 792 usquam
525 745 545 780 in
554 743 672 791 colloquium
680 743 705 778 iis
714 742 785 778 veniat.
809 742 856 778 Vul-

63 807 97 844 gus
111 796 175 829 autem
189 796 290 839 postquam
304 791 353 827 baec
367 791 452 835 audivit,
468 790 571 827 confestim
585 789 683 831 Simonem
697 788 799 834 sociosque
815 787 856 824 eius

78 842 86 876 1
103 840 123 875 ti
135 842 188 883 sunt,
201 837 314 884 cunctisque
326 837 381 873 brevi
392 837 506 881 vulneratis,
523 848 555 873 eos
570 836 671 872 verberare
682 847 721 871 non
733 834 856 877 destiterunt,

112 897 122 921 c
130 884 207 931 penitus
215 883 262 919 urbe
271 882 396 929 expulissent.
415 883 487 919 Postea
499 883 615 919 accedentes
627 881 736 927 quicumque
748 879 804 916 exiis
813 892 856 915 cum

61 931 131 968 morbis
142 942 165 966 ac
177 929 301 965 daemonibus
317 928 479 973 colluctabantm',
494 932 540 965 ante
554 928 615 975 pedes
630 927 684 963 illius
698 927 795 963 iacebant.
818 925 856 961 Ille

61 988 105 1013 vero
117 975 199 1011 sublatis
212 975 232 1010 in
245 976 319 1010 caelum
330 974 418 1010 manibus
430 975 531 1020 Deumque
544 977 685 1020 comprecatus,
698 976 778 1009 cunctos
790 984 856 1019 preca—

62 1023 114 1058 tione
126 1022 167 1057 sola
179 1020 257 1057 curavit.
281 1020 326 1057 Non
337 1025 409 1067 paucos
421 1025 486 1056 autem
499 1020 540 1055 dies
552 1019 604 1066 apud
614 1019 706 1065 Berytios
723 1021 856 1061 commoratus,

62 1080 104 1103 cum
111 1068 181 1102 multos
190 1066 228 1102 fide
237 1066 345 1112 inpetrem,
353 1065 415 1101 filium
424 1069 443 1101 et
452 1066 541 1112 spiritum
550 1070 638 1101 sanctmn
646 1067 805 1107 eonsrnnmasset,
812 1075 857 1098 nec-

61 1125 100 1149 non
106 1113 232 1158 baptizasset,
241 1123 279 1147 imo
288 1111 444 1156 expresbyteris,
454 1111 486 1157 qui
495 1123 538 1147 eum
547 1111 687 1157 sequebantur,
696 1110 745 1156 ipsis
754 1109 775 1144 in
784 1108 858 1155 episeo-

63 1171 108 1205 pum
116 1157 221 1193 constituto
230 1157 250 1192 in
258 1156 343 1203 Bybnm
351 1156 405 1192 abiit.

107 1213 159 1248 LIX.
186 1212 228 1254 Qua
245 1216 347 1258 postquam
360 1212 481 1258 pervenisset
495 1215 602 1259 comperto,
618 1211 669 1258 quod
683 1211 749 1248 Simon
763 1211 858 1258 Tripolim

63 1263 158 1303 evaserat,
177 1258 219 1304 ipse
233 1258 292 1294 breve
309 1261 385 1303 tempus
399 1258 451 1305 apud
466 1270 498 1294 eos
511 1262 648 1301 conmoratus,
665 1257 775 1304 curatisque
792 1257 858 1293 multis

62 1305 79 1340 Β
88 1305 122 1341 ’1)11
130 1304 199 1340 ineolis
209 1316 231 1340 ae
241 1303 328 1339 doctrina
335 1303 416 1350 pietatis
425 1304 453 1339 eis
462 1303 544 1348 tradita,
557 1303 652 1350 Tripolim
663 1315 698 1347 per
705 1303 790 1351 vestigia
799 1303 859 1339 Simo·

116 1350 198 1386 recessit
210 1353 274 1385 certus
286 1361 329 1384 eum
342 1350 428 1395 insequi,
445 1361 484 1385 non
495 1349 582 1386 subterfu
598 1361 634 1386 ere.
658 1349 717 1386 Porro
733 1362 776 1385 eum
789 1348 858 1385 Petrus

111 1395 156 1431 olim
168 1395 309 1442 ingrederetur,
320 1395 377 1431 multi
386 1406 460 1439 eorum,
473 1395 506 1443 qui
515 1362 604 1432 discendi
612 1395 720 1442 cupidiores
730 1398 794 1439 erant,
806 1395 859 1441 Tyro

123 1452 133 1476 e
141 1440 214 1488 Beryto
223 1453 246 1477 ae
254 1440 319 1488 Byblo
329 1444 473 1478 concum'erunt:
483 1453 506 1478 ex
514 1441 558 1487 ipsa
567 1441 626 1478 etiam
634 1442 716 1477 maxime
729 1441 809 1478 civitate
818 1441 859 1488 ple-

124 1498 189 1522 omnes
199 1486 306 1522 confluxere
316 1486 412 1523 desiderio
420 1488 500 1524 videndi
508 1487 592 1523 Petrum.
609 1487 691 1530 Quidam
700 1491 765 1524 autem
772 1487 858 1530 fratrum,

64 1543 76 1578 q
115 1532 155 1568 tab
164 1544 187 1568 eo
195 1532 297 1578 praemissi
305 1532 390 1577 fuerant,
403 1533 518 1569 enarrabant
530 1533 586 1569 nobis
595 1538 684 1570 accurrate
696 1537 737 1569 tum
750 1536 821 1569 statum
829 1545 859 1568 ur-

63 1578 99 1623 bis,
108 1581 149 1614 tum
157 1577 240 1614 Simonis
249 1582 314 1625 gesta,
327 1582 347 1614 et
360 1578 479 1626 excipientes
491 1591 526 1615 nos
538 1579 558 1614 in
567 1579 643 1615 domum
651 1579 749 1615 Marconis
758 1579 857 1615 duverunt.

109 1634 151 1670 LX.
169 1635 238 1670 Petrus
246 1646 291 1671 vero
300 1635 338 1670 iam
346 1636 397 1671 fores
405 1636 487 1683 lrpspitii
494 1640 572 1680 tenens,
582 1647 685 1672 conversus
697 1636 786 1682 promisit
795 1635 859 1671 multi-

119 1680 135 1725 i,
149 1692 190 1716 oras
203 1692 223 1716 se
235 1680 259 1716 de
268 1680 307 1716 Dei
320 1682 374 1716 cultu
384 1682 443 1717 verba
455 1682 555 1718 factmum.
580 1681 610 1718 Ac
618 1685 720 1728 postquam
731 1681 812 1726 introiit,
821 1693 860 1717 non

126 1737 146 1761 se
157 1725 260 1772 quicquam
272 1727 311 1762 cibi
324 1737 366 1762 esse
375 1731 509 1774 percepturum
518 1727 628 1772 affirmavit,
637 1739 695 1774 quam
703 1738 735 1763 eos
747 1727 780 1774 qui
789 1739 857 1763 conve·

64 1774 131 1806 nerant
138 1771 245 1807 refecisset.
269 1771 330 1808 Nobis
340 1775 404 1808 autem
411 1772 583 1819 respondentibus,
593 1773 644 1820 quod
655 1784 688 1809 eos
697 1785 763 1809 omnes
772 1773 860 1809 studiose

65 1827 148 1852 essemus
155 1816 253 1861 refecturi,
262 1817 330 1858 Petrus
340 1817 407 1853 audita
417 1830 438 1854 re
451 1822 470 1854 et
478 1818 563 1855 laudatis
575 1830 597 1854 ac
605 1818 716 1855 benedictis
724 1818 781 1855 nobis
790 1819 860 1863 exivit,

65 1872 143 1908 cumque
154 1861 236 1898 lavisset
248 1862 269 1897 in
280 1863 327 1898 mari
340 1875 362 1899 ac
374 1863 473 1910 ingressus
486 1867 538 1901 esset
546 1867 654 1912 posteaque
666 1864 731 1901 cibum
740 1865 860 1911 sumpsisset,

66 1910 122 1944 nocte
131 1907 246 1944 adveniente
255 1920 320 1944 somno
330 1920 351 1945 se
360 1909 419 1946 dedit.
744 1927 745 1931 ¹

65 2092 154 2125 nnusuod.
165 2104 192 2137 ap.
202 2094 237 2128 ent.
250 2095 326 2128 Subinde
339 2095 386 2129 deest
395 2107 448 2129 mem·
513 2096 608 2141 CaleX.
632 2095 649 2138 1)
663 2097 726 2141 Βίβλω
738 2098 760 2138 Β,
774 2108 860 2131 aereor-

66 2136 115 2190 brum
123 2139 167 2192 appi
176 2138 203 2173 ὠν
211 2141 258 2184 λέγω
269 2140 288 2173 in
296 2143 315 2173 B.
328 2142 371 2174 Tum
382 2143 448 2185 corrige
477 2146 549 2184 rectura,
558 2143 621 2186 Βίβλῳ
630 2143 651 2174 al.
661 2154 687 2187 up.
696 2143 732 2175 (iot.
740 2162 762 2166 —
768 2139 787 2187 2)
796 2141 861 2180 αὐτοῖς

115 2185 209 2273 tptrptqin
217 2184 397 2272 ε(1.(’11ε”τ1α11)α.1726Ᾱῖ4
407 2189 447 2243 ¹Onu

129 2240 140 2262 κ
159 2243 170 2263 α
185 2242 298 2275 pertentor
326 2252 364 2264 .-
402 2245 447 2268 ανα-

116 2276 177 2309 urGD.
388 2298 389 2301 =

102 2319 142 2364 cap.
153 2322 218 2355 LVIII.
243 2319 261 2368 1)
269 2323 297 2357 Sic
306 2324 362 2365 Boo,
371 2326 423 2358 Turn.
432 2328 449 2358 et

127 2376 177 2407 quam
191 2368 281 2402 lectionem
298 2370 341 2403 Oler.
359 2371 378 2403 in
392 2371 417 2404 cd.
432 2382 447 2403 a,

71 2449 75 2461 ε
123 2410 158 2444 sine
169 2413 205 2445 ulla
216 2425 257 2447 sana
268 2415 334 2447 ratione
345 2417 418 2450 mutavit
429 2417 448 2449 iu

67 2454 221 2498 υποπληξάντων.
235 2478 259 2483 -
270 2458 288 2505 2)
300 2462 331 2494 καὶ
344 2462 395 2494 Hom.
408 2462 447 2502 VII,

66 2495 88 2531 10
100 2502 116 2532 et
126 2506 184 2536 nostra
196 2505 249 2549 Epit,
262 2505 301 2540 εἶτα
313 2507 343 2540 καὶ
355 2507 386 2540 GD
398 2510 414 2540 et
426 2508 447 2539 al.

67 2554 92 2588 ap.
103 2545 139 2578 (lot.
149 2566 173 2572 -
184 2546 202 2593 3)
212 2548 297 2596 ὁμιλήτω
310 2553 331 2584 al.
343 2564 370 2596 ap.
380 2552 415 2585 cot.
424 2571 448 2576 -

66 2585 83 2629 4)
97 2589 143 2637 μηθ’
154 2594 206 2627 BOD
219 2599 235 2629 et
247 2597 268 2629 al.
281 2608 308 2641 ap.
321 2597 367 2638 (iot,
381 2598 448 2631 favente

66 2633 111 2668 Hom
123 2638 135 2669 l.
144 2649 157 2671 c.
169 2642 186 2673 et
197 2644 256 2675 nostra
263 2643 310 2687 Epit.
322 2662 346 2667 —
357 2642 374 2683 5]
384 2640 449 2682 αὐτοῖς

111 2693 130 2715 ur
138 2694 152 2717 c.
160 2686 210 2719 ael).
222 2706 245 2711 —
256 2685 274 2730 6)
283 2686 389 2729 &medicatur
396 2690 417 2723 1).
425 2708 449 2713 -

68 2722 84 2767 1)
94 2739 145 2767 τινας
153 2742 186 2763 οη).
194 2732 215 2765 D.
228 2752 252 2757 —-
261 2732 279 2777 8)
290 2732 324 2769 τὸν
336 2737 409 2781 πατέρα
417 2737 448 2770 OD

67 2774 148 2808 etnostra
158 2778 206 2822 Epir.
220 2798 244 2803 —
260 2778 277 2822 9)
290 2782 361 2825 Βίβλον
373 2784 396 2823 B,
410 2796 414 2815 ι
429 2794 450 2815 ex

68 2822 170 2863 correctura,
185 2826 257 2869 Βίβλον
268 2826 320 2860 Hom.
332 2828 377 2871 VH,
389 2825 420 2870 12,
433 2829 449 2862 V

67 2867 134 2898 nostrae
141 2868 189 2912 Epit.
199 2873 216 2903 et
224 2871 245 2903 al.
254 2882 280 2915 ap.
290 2872 326 2906 cot.

477 2190 499 2221 al.
508 2199 534 2231 ap.
544 2189 580 2221 Cot.
592 2207 615 2211 -
628 2185 645 2229 3)
655 2190 681 2227 εἰς
690 2185 724 2230 τὴν
738 2190 832 2232 Tpt'nolra
841 2190 860 2221 B.

477 2253 498 2257 —
507 2230 526 2275 4)
534 2230 657 2269 καταδιώκειν
670 2235 687 2268 C.
698 2252 721 2257 -
733 2233 750 2277 ὃ)
759 2236 831 2278 Biblon
839 2235 860 2274 B,

476 2280 506 2313 ubi
514 2275 589 2322 Βύβλου
598 2280 636 2321 fuit,
645 2281 718 2324 Βίβλου
726 2281 777 2313 Hom.
786 2281 834 2322 VHI,
844 2279 862 2322 l,

477 2327 493 2359 V
501 2328 568 2357 nostrae
575 2325 622 2368 Epit.
632 2328 649 2357 et
655 2327 676 2359 al.
683 2337 710 2369 ap.
717 2326 754 2359 cot.
762 2345 785 2349 —
792 2326 809 2368 6)
816 2330 861 2370 βου-

477 2367 555 2416 λόμενοι
567 2371 640 2417 πέτρον
651 2371 686 2404 inv.
696 2373 716 2403 Β.
728 2390 751 2395 -
764 2371 781 2413 7)
794 2373 861 2404 Nomen

477 2419 503 2449 est
517 2416 606 2459 Syriacum
623 2418 650 2448 sat
664 2420 731 2457 notum,
747 2417 775 2450 vel
791 2421 862 2461 propter

476 2463 579 2494 Monachum
593 2461 643 2494 illum
654 2463 690 2494 sive
702 2463 753 2503 male,
770 2462 805 2495 sive
816 2465 862 2495 reete

477 2507 582 2548 sentientem,
591 2517 601 2539 a
610 2518 643 2550 quo
650 2507 692 2540 dicti
698 2509 796 2541 illan-eattae.
808 2509 834 2541 De
842 2519 862 2541 eo

476 2554 566 2592 Eutychiae
574 2553 677 2592 Betrieicteu,
690 2553 720 2595 qui
730 2554 862 2587 Monothelitam

477 2598 529 2631 fuisse
538 2598 582 2638 vult,
592 2607 643 2640 aquo
651 2598 754 2632 recentiores
766 2600 861 2633 Maronitas

478 2643 585 2677 dissentiunt.
596 2644 638 2676 Uter.

513 2689 553 2733 Gap.
562 2689 600 2722 LX.
617 2686 635 2732 1)
643 2690 675 2723 καὶ
683 2700 716 2722 om.
724 2691 744 2723 B.
753 2710 777 2714 —
785 2689 801 2732 2)
811 2687 862 2737 πρόἡ

479 2746 534 2784 τερον
543 2734 578 2781 ἔφη
588 2746 620 2768 om.
629 2736 651 2768 D.
659 2754 683 2760 —
690 2733 708 2778 3}
716 2737 745 2770 Sic
754 2737 807 2780 BOD,
816 2738 862 2780 vulg.

479 2785 495 2815 et
508 2786 567 2815 nostra
580 2781 637 2826 Epit,
660 2779 814 2830 διαιέπαύσαμεν
828 2785 864 2826 legi

479 2830 544 2871 queats
554 2831 574 2860 ut
590 2828 674 2861 Gotclerio
688 2829 764 2870 videtur,
780 2840 800 2863 ex
811 2831 863 2863 Hom.

478 2874 528 2913 VIII,
537 2872 548 2906 2
558 2877 574 2907 et
582 2874 623 2907 Ree.
632 2871 649 2916 4,
658 2873 675 2909 2.
