1824 3065
75 110 117 153 328
193 104 195 106 ’
280 119 666 155 11.11111111111111111101111.011111,

75 225 193 269 provocante
202 221 227 257 ad
234 219 336 266 Recognit.
343 220 356 253 l.
364 217 428 263 e.,ubi
437 217 530 264 scriptum
538 222 610 254 exstat:
620 218 684 262 „velle
690 221 755 254 autem
764 230 784 254 se
793 218 813 254 in
819 219 870 259 hunc

63 295 67 300 ,
77 268 110 313 qui
118 280 179 314 nuper
187 268 286 314 ingressus
294 268 324 300 est
331 263 480 299 Faustinianum
488 275 564 300 omnem
576 266 687 300 convertere
698 265 787 299 tutorem.
806 265 832 300 Et
844 268 871 304 ait
883 269 886 272 ⁴

77 315 102 349 ad
111 316 160 349 nos“
170 316 215 348 cett.
238 312 265 346 Ar
276 309 387 356 reponenda
396 312 426 345 est
438 309 497 345 dictio
510 309 576 355 aliqua
589 307 711 356 significans:
724 309 787 354 „velle
796 321 817 345 se
826 322 870 348 con-

77 362 152 394 vertere
162 357 261 404 professus
274 358 321 391 esra
345 354 450 391 Praeterea
463 355 563 402 probabile
579 360 609 390 est
620 354 742 390 intercidisse
756 355 870 393 vocabulum

78 404 124 449 tale,
130 403 190 450 rprale
199 405 229 437 est
237 400 300 438 πάντα
309 400 341 435 vel
350 399 400 443 dior,
410 412 466 453 qtium
478 400 572 447 interpres
580 399 653 435 latinus
661 400 756 446 posuerit:
764 404 871 447 „omnem“,

78 449 117 484 nisi
124 449 173 485 forte
182 446 275 483 credibile
284 447 365 490 videtur,
374 445 395 480 in
403 445 459 490 libro,
468 457 506 492 quo
517 447 608 482 utebatur
616 444 703 489 Rufinus,
711 444 749 480 hoc
756 445 871 483 vocabulum

78 503 183 540 occupasse
194 494 260 528 sedem
271 493 323 527 vocis
335 493 396 535 ἴδιον,
412 503 469 539 quam
480 490 512 527 hic
525 491 608 538 scriptor
619 490 656 527 hoc
668 492 711 526 loco
720 492 740 526 et
748 490 813 536 paullo
821 490 872 528 infra

78 551 95 575 v.
105 540 132 582 10,
141 541 163 573 ut
172 539 255 584 saepius,
263 538 329 584 posuit
336 548 371 584 pro
379 537 492 582 pronomine
500 536 597 573 reflerivo.
609 557 632 562 —-
643 535 667 572 V.
676 536 698 571 10
707 535 811 582 legendnm
819 546 871 572 esse:

79 582 183 629 ἀναλαβών,
196 583 220 620 τὸ
233 585 285 620 ἴδιον
296 585 347 628 cett,
359 583 399 629 jam
412 582 487 618 monuit
498 582 608 618 Dresselius
620 582 684 617 adnot.
696 581 707 617 3
719 581 744 617 ad
755 581 806 627 Epir.
818 582 871 633 alter.

80 627 101 664 C.
110 628 219 665 CXXXIV.
227 628 304 665 Vellem
312 632 378 664 tamen
386 628 415 663 vir
423 628 491 664 doctus
499 629 554 665 verbi
563 629 660 674 ἀντιλαβὼν
669 626 764 663 rationem
771 627 873 664 habuisset

78 675 99 710 in
107 675 266 721 interpretatione
275 674 341 710 latina.
364 674 401 710 Est
410 677 473 710 aulem
482 673 507 710 ad
515 673 611 721 ἀναλαβὼν
623 684 646 709 er
654 672 772 719 antegressis
780 676 872 719 tanquam
888 689 890 692 ¹

79 721 176 768 objectum
187 721 324 767 repetendum:
338 719 401 770 μύρον
410 734 434 755 τι,
442 740 465 745 -
479 719 502 756 V.
512 721 533 755 11
546 720 598 769 quod
606 719 717 755 Dresselius
730 718 753 753 de
762 719 873 764 conjectura

78 766 175 813 reposuit,
188 765 241 813 δόξη,
253 767 273 801 in
281 768 380 811 utriusque
388 764 440 811 Epit.
450 763 470 800 C.
477 764 581 802 CXXXIV
588 765 716 801 invenitur-
725 764 748 799 V.
757 764 779 800 11
788 775 816 810 sq.
824 762 873 800 haec

80 812 154 848 codicis
163 805 259 857 scriptura
266 815 345 857 recepta
352 810 457 846 invenitur:
470 810 523 857 ὑμεῖς
531 813 552 848 δὲ
560 810 640 857 βοτάνης
648 810 700 851 τινὸς
711 809 755 855 ὕλης
763 813 873 859 apofereta-

80 858 163 905 ψάμενοτ
175 857 205 894 ὑπ’
219 858 266 905 ἐμοῦ
278 857 312 893 οὐκ
323 854 471 900 άπατηθήσεσθε
480 855 516 892 ὑπὸ
525 860 558 902 τῆς
569 860 623 901 τένης
634 855 692 891 αὐτοῦ
699 860 781 903 μορφῆς.
805 855 828 890 In
837 866 874 901 qua

80 903 127 938 bina
138 903 202 938 inesse
211 902 280 938 menda
290 913 346 937 nemo
355 913 394 937 non
401 900 461 936 videt.
474 901 542 947 Neque
552 903 601 937 eninr
610 900 691 936 ferenda
699 904 744 935 sunt
751 901 811 936 verba
819 899 873 946 βοτά-

82 961 115 993 νης
123 947 174 988 τινὸς
182 948 225 993 ὕλης
234 947 268 983 sed
277 946 409 982 scribendum:
418 952 434 992 β,
444 961 459 982 τ.
465 950 536 993 χυλοῖ
539 963 555 990 ς,
571 947 589 982 h.
604 958 619 982 e.
628 948 718 992 „succo“,
732 946 782 991 quod
794 945 874 981 verbnm

81 993 156 1029 habent
165 992 268 1039 Recognit.
281 993 293 1027 l.
303 1004 325 1035 c,
339 996 359 1028 et
373 991 450 1027 medela
460 992 537 1039 indiget
549 996 678 1029 monstrosum
690 991 804 1028 vocabulum
816 995 874 1035 τένης.

80 1038 103 1074 Ρ.
111 1038 152 1083 412,
160 1039 171 1073 2
179 1038 289 1084 appellatur
298 1037 370 1078 πλάνος
377 1051 415 1085 μορ
433 1035 450 1082 η’,
456 1049 475 1084 p.
482 1036 523 1082 413,
532 1038 554 1072 14
562 1038 649 1085 ἀλλοτρία
659 1038 730 1087 poppa.
755 1035 875 1072 Contrarium

81 1087 111 1119 esi.
118 1083 129 1130 ἡ
137 1083 183 1120 κατὰ
204 1083 250 1120 derv
263 1082 328 1132 μορφή
340 1083 406 1129 11407,
415 1051 464 1132 {is-q,
473 1082 544 1128 ἀληθὴς
554 1082 630 1132 μορφή,
638 1095 656 1129 p.
667 1081 708 1125 414,
717 1083 739 1117 12
746 1094 780 1128 sq,
793 1081 874 1133 άληῇὴνὴ

82 1127 154 1177 μορφή,
163 1141 181 1176 p.
189 1098 229 1173 412,
238 1128 290 1174 3sq.5
304 1128 326 1164 τὸ
336 1127 416 1175 γνήσιον
429 1130 486 1170 εῑδος,
498 1127 550 1174 Epit.
561 1133 597 1163 utr.
610 1128 631 1163 C.
644 1126 753 1163 CXXXVI.
778 1126 875 1173 Conjrcrat

83 1174 160 1220 aliquis,
170 1174 445 1217 εο1111011111111105εοικο1νῆς,
456 1176 542 1218 „norae“
549 1176 580 1209 vel
591 1174 736 1221 „peregrinae“,
745 1175 788 1208 aut:
799 1173 857 1216 01τῆ
861 1187 874 1214 ς,

83 1220 206 1266 „adoptatae
214 1231 254 1255 non
263 1219 377 1266 genuinae“.
392 1218 455 1254 Priori
465 1220 586 1265 conjecturae
594 1220 657 1266 magis
665 1218 732 1255 favere
740 1218 831 1254 videntur
838 1217 875 1253 Re-

83 1267 211 1313 cognitiones,
220 1265 231 1300 l.
242 1277 257 1302 c.
266 1265 390 1311 praebentes:
403 1267 438 1310 „ut
448 1275 487 1300 non
496 1264 591 1301 fallamini
599 1267 623 1301 de
634 1265 799 1301 immutatione
811 1264 875 1304 vultus

82 1312 144 1357 ejns“.
157 1311 244 1348 Verbum
249 1314 421 1359 προενολείφεσθοτ
428 1309 466 1345 1100
471 1322 509 1346 uno
515 1314 596 1354 tantuna,
606 1312 656 1358 quod
664 1323 700 1358 ego
708 1310 774 1355 seiam,
782 1310 877 1356 reperitur

82 1356 131 1393 loco.
150 1356 203 1393 Infra
210 1370 229 1403 p.
237 1357 355 1401 natasse
368 1354 518 1411 ἒνολειψάμενος,
535 1356 681 1393 Velsietamen
690 1355 877 1405 προενολειψάμενος

82 1401 135 1438 haud
149 1414 232 1450 unquam
243 1403 320 1438 videtur
331 1402 352 1437 in
365 1401 495 1448 suspicionem
507 1413 549 1438 esse
561 1403 677 1446 vocandum,
691 1414 749 1449 quum
762 1401 876 1447 praesertim

82 1448 141 1483 etiam
164 1449 248 1494 ecognit.
255 1448 267 1482 l.
273 1459 289 1483 e.
296 1447 408 1483 exhibeant:
416 1447 560 1494 „perungemini
567 1447 639 1494 prius“.
651 1446 731 1483 Scilicet
739 1446 803 1482 Simon
812 1445 876 1481 socios

83 1504 128 1528 suos
138 1494 191 1540 prins
204 1495 298 1541 inungere
309 1492 351 1527 vult
365 1503 387 1528 eo
399 1491 446 1535 fine,
458 1496 480 1527 nt
487 1494 570 1529 Faustus
580 1504 657 1529 securus
668 1493 755 1528 redditus
767 1503 788 1527 se
800 1502 876 1538 quoque

83 1537 151 1586 inungi
159 1539 282 1585 1111111111.-
292 1538 314 1574 V.
324 1538 346 1572 15
355 1537 408 1572 dicat
415 1537 486 1581 aliquis
494 1537 565 1574 Homil.
575 1538 648 1574 codicis
658 1540 764 1585 scripturae
773 1540 814 1574 ἰστὶ
821 1547 876 1582 prae-

83 1584 183 1619 ferendam
191 1594 235 1620 esse
243 1584 343 1629 utriusque
351 1582 403 1628 Epit.
413 1582 434 1618 C.
443 1582 537 1619 CXXXV
545 1584 659 1619 lectionem:
672 1584 729 1619 ἔσται.
747 1582 815 1629 Neque
825 1581 876 1618 enim

83 1629 191 1664 audiendus
201 1629 318 1673 Dresselius,
330 1626 374 1664 adn.
384 1627 395 1662 3
409 1630 435 1664 ad
442 1627 493 1673 Epit.
502 1629 557 1663 alter.
570 1628 591 1664 C.
601 1641 616 1664 c.
629 1639 719 1672 censens,
727 1626 825 1673 praesenti
834 1638 876 1673 spe-

84 1674 133 1709 ciem
144 1675 229 1720 aliquam
241 1672 341 1709 conciliari
354 1684 377 1708 ex
387 1684 435 1709 voce
447 1675 488 1710 νῦν.
512 1672 606 1709 Attamen
621 1673 680 1709 etiam
691 1673 772 1709 Rufinus
784 1683 876 1719 praesens

96 1731 129 1754 rae
143 1720 204 1755 oeulis
219 1719 297 1763 habuit,
314 1730 372 1764 quum
387 1717 491 1765 Recognit.
502 1718 527 1764 X,
537 1719 560 1754 59
576 1719 693 1766 praebeant:
711 1718 841 1762 „confortant
853 1738 876 1743 -

82 1731 134 1800 Vll)
141 1775 168 1811 sq.
176 1763 287 1800 Dresselius
300 1764 324 1799 de
337 1763 450 1809 conjectura
460 1762 538 1800 minime
546 1764 645 1811 probanda
653 1764 740 1811 scripsit:
755 1762 785 1800 ὅτι
796 1761 877 1810 ἐφοβού-

100 1823 123 1855 ην
131 1809 164 1846 τὸν
174 1808 267 1859 [Σίμωνά
280 1811 307 1856 τῷ
316 1807 406 1857 <dendorp
415 1811 471 1846 τοῦτο
483 1808 568 1858 μηνύειν.
594 1809 693 1853 Quomodo
704 1809 799 1855 explenda
807 1809 877 1845 fnisset

84 1825 160 1898 iacuna,
169 1860 273 1891 monstrare
285 1857 376 1902 poterant
383 1854 443 1892 verba
454 1855 534 1890 Rufinil
549 1866 564 1891 c.
575 1855 649 1902 posita:
665 1856 732 1899 „timui
742 1859 790 1891 tuuc
801 1855 878 1891 Fausti-

85 1900 142 1938 niano
155 1901 242 1936 indicare
252 1900 319 1942 haec“,
332 1899 370 1935 nisi
384 1901 436 1947 quod
447 1912 480 1948 pro
492 1901 620 1937 Faustiniano
631 1902 652 1937 in
662 1901 753 1936 Ilonriliis
765 1912 878 1937 commemo-

86 1949 140 1983 ratus
149 1951 190 1982 erat
197 1945 288 1982 Faustus.
311 1945 395 1981 Videtur
403 1946 463 1992 igitur
471 1947 505 1984 τὸν
513 1946 562 1982 nihil
571 1947 623 1983 aliud
633 1959 675 1984 esse
684 1943 749 1993 qudm:
762 1946 819 1983 τότε,

130 1992 152 2027 P.
159 1992 199 2035 411,
210 1993 219 2027 1
226 2003 254 2038 sq.
262 1991 374 2027 Dresselius
381 1990 430 2027 haec
437 1992 496 2028 verba
503 1992 568 2037 posuit
576 1997 641 2038 aperte
650 1993 726 2038 inepta:
734 1992 771 2028 dat*
782 1992 825 2029 οὐδὲ
834 2007 875 2029 κτο-

86 2038 121 2083 ρὸν
129 2038 174 2086 ἡμῖν
185 2038 195 2074 ὁ
204 2043 272 2087 Σίμων
280 2038 345 2073 ἐδίδου
354 2036 403 2085 πρὸς
413 2036 435 2073 τὸ
445 2037 529 2080 ἰδιάζον
543 2036 566 2085 [εἰ
573 2039 606 2086 μὴ]
616 2039 666 2083 αὐτῷ
675 2038 710 2083 τὴν
719 2041 738 2074 ἐκ
747 2039 780 2074 τοῦ
788 2042 877 2086 Σίμωνος

87 2082 144 2127 κακὴν
152 2082 176 2120 ἂν
184 2085 244 2131 ignare
252 2081 327 2129 βουλήν.
353 2081 415 2123 Quum
426 2086 471 2128 post
482 2083 580 2128 lacunam,
592 2095 640 2129 quae
652 2084 672 2118 in
686 2083 753 2119 codice
765 2081 780 2117 Ο
790 2087 820 2118 est
833 2086 878 2130 post

87 2129 203 2164 vocabulum
212 2127 298 2171 ἰδιάζον,
309 2127 430 2174 reperiantur
438 2127 505 2164 literae
513 2130 557 2175 μῶν
568 2131 588 2163 et
595 2140 629 2173 pro
639 2126 662 2165 άν
670 2129 729 2175 ἔηηνιι
739 2132 836 2163 exaratum
844 2129 878 2163 sit:

88 2171 155 2221 ἐφάνη,
165 2176 205 2219 jam
213 2173 288 2219 pridem
297 2173 406 2219 suspicatus
416 2184 465 2216 sum,
474 2173 501 2208 ita
509 2176 549 2208 fere
557 2184 598 2208 esse
606 2173 719 2220 legendum:
727 2195 750 2199 —
758 2172 840 2216 ἰδιάζον,
849 2173 880 2221 μη

89 2219 199 2267 τιςὴμιῦν
211 2218 244 2263 την
256 2220 275 2254 ἐκ
284 2232 299 2254 τ.
307 2223 329 2255 Σ.
340 2233 356 2255 a.
368 2217 468 2266 {aprinae
478 2225 494 2265 β.
511 2218 549 2253 011.
561 2230 579 2263 p.
588 2218 628 2263 409,
637 2218 653 2253 4,
676 2218 740 2255 Video
757 2218 842 2263 quidem,
859 2218 880 2254 in

88 2262 191 2308 Recognit.
197 2263 249 2306 X,59
258 2273 309 2298 esse:
318 2263 365 2306 „sed
372 2274 435 2309 neque
444 2265 527 2311 spatium
536 2264 591 2299 nobis
600 2264 642 2310 ipse
651 2262 716 2299 Simon
725 2264 785 2309 dedit,
793 2267 819 2298 ut
826 2275 879 2310 pos-

91 2319 168 2343 semus
182 2307 299 2343 secretius
312 2308 378 2355 loqui
392 2313 415 2344 et
425 2309 524 2355 plenius
540 2309 560 2345 ei
574 2309 701 2344 eonsilium
714 2308 813 2344 Simonis
826 2320 879 2355 ape·
901 2332 903 2334 »

88 2354 159 2388 rire“.
183 2352 211 2387 Ar
223 2353 329 2388 enimvero
341 2358 371 2389 tot
381 2353 440 2389 verba
452 2354 547 2390 excidisse
559 2354 660 2401 quominus
671 2354 774 2400 probabile
788 2355 880 2390 ducamus

88 2398 171 2434 lacunae
185 2398 269 2444 spatium
285 2397 342 2433 nimis
360 2399 451 2446 exiguum
469 2399 573 2445 prohibere
586 2400 669 2437 ridet-ur.
694 2399 784 2436 Ceterum
798 2399 880 2435 Rufinus

89 2444 157 2490 procul
165 2443 224 2480 dubio
230 2454 277 2496 prae
284 2443 345 2479 oculis
351 2443 428 2481 habuit:
437 2447 550 2492 ἔκηιῆναι.-
558 2445 581 2481 V.
589 2445 601 2480 3
609 2446 661 2492 quod
667 2446 779 2482 Dresselius
787 2447 880 2492 reposuit,

89 2489 128 2535 τὴν,
137 2490 262 2537 reperiturrn
270 2492 307 2525 utr.
315 2489 366 2535 Epir.
375 2489 395 2526 C.
402 2489 501 2529 CXXXV.
508 2513 532 2518 —
539 2491 564 2528 V.
572 2491 583 2526 7
591 2491 716 2528 manifestum
725 2496 755 2528 est
762 2492 831 2534 vitium
838 2503 879 2528 rer·

87 2535 164 2571 borum:
184 2535 223 2571 ὑπὸ
242 2537 281 2572 τῶν
295 2539 383 2583 Σίμωνος
399 2537 509 2580 ζητούντων.
538 2536 770 2574 Scribendum-oenseas:
792 2542 877 2586 Σίμωνα,

88 2580 259 2628 proutip.410,1b'
270 2580 303 2616 hic
315 2580 399 2626 scriptor
411 2581 507 2619 Simonem
519 2583 616 2622 dicentem
628 2583 685 2619 facit:
702 2588 721 2620 οἱ
732 2585 765 2633 ἐμὲ
778 2585 879 2630 ζητοῦντες.

89 2626 121 2662 An
128 2630 204 2663 tentare
212 2626 342 2673 praestiterit:
357 2628 395 2664 τῶν
406 2629 461 2665 κατὰ
474 2633 564 2675 Σίμωνος
573 2629 682 2673 ζητούντων,
691 2633 714 2664 ut
720 2641 739 2675 p.
748 2629 788 2674 410,
797 2630 819 2664 16
827 2640 881 2675 repe-

90 2672 139 2707 ritnr
147 2672 216 2708 dictio:
229 2674 262 2719 τῆς
270 2673 309 2709 κατ’
318 2673 366 2721 ἐμοῦ
379 2672 481 2718 caederer?
493 2674 557 2710 Minus
565 2674 693 2720 probabiliter
701 2674 772 2722 aliquis
781 2674 881 2721 conjiciat:

91 2722 179 2765 Σίμωνος
194 2720 298 2764 ζητητῶν.
311 2737 336 2743 —
348 2717 372 2753 V.
381 2719 403 2754 10
417 2722 470 2755 recte
483 2719 605 2756 Dresselium
619 2721 734 2756 inseruisse:
751 2719 786 2757 τὸν
796 2724 880 2769 Σίμωνά,

90 2765 189 2797 testantur
196 2763 306 2810 Recognit,
314 2762 326 2798 1.
336 2774 351 2798 c.
359 2762 486 2808 praebentes:
501 2765 550 2811 „illi‚
563 2765 596 2811 qni
607 2765 728 2800 deduxerunt
737 2763 852 2800 Simonem‘.
859 2786 882 2791 —

90 2806 113 2842 V.
125 2806 149 2841 14
160 2818 188 2853 sq.
203 2809 296 2855 scriptum
310 2808 425 2854 reperimus:
442 2809 596 2858 ἐκπεπληγμένος
609 2810 643 2846 οὐν
657 2810 694 2858 (sic
710 2821 776 2857 apogr.
795 2810 881 2846 Dressel.
