1824 3065
13 88 174 164 '344²

249 232 271 267 L.

73 304 122 336 Leda
130 305 190 337 eadem
197 292 276 335 Nemesis
284 313 301 343 p.
309 303 348 336 271.
379 281 382 285 -

250 390 275 425 M.
297 383 299 386 ¹

74 464 169 502 maforium,
177 463 280 493 maforteum
288 472 305 501 p.
313 463 346 494 302
351 472 376 502 sq.

73 509 147 548 Megisto
155 510 210 539 mater
217 508 290 539 Arcadis
299 517 315 547 p.
324 508 364 547 228,
373 505 430 541 aun*

251 593 275 631 N.

72 668 161 706 Neptunus
171 661 180 707 ἢ
188 665 231 709 μέση
240 661 285 711 ὑγρὰ
293 661 347 698 οὐσία
354 678 371 708 p.
380 667 418 711 274.

252 752 274 790 Ο.

75 825 131 856 Ovum
143 825 233 857 candidum
246 836 267 857 en
279 826 357 857 doctrina
369 825 452 865 Orphico·

97 881 135 902 rum
143 882 160 912 p.
169 872 208 902 274.

251 911 273 947 P.

73 983 114 1014 Pari
131 979 202 1026 (Πάρου
219 980 313 1021 Ποτνιέως)
332 983 354 1014 ab
370 983 452 1022 Apolline

97 1030 150 1059 amati
158 1030 224 1060 nullam
234 1030 304 1061 aliunde
312 1030 392 1060 notitiam
400 1028 452 1060 habe-

96 1083 134 1104 mus
142 1084 159 1114 p.
169 1074 207 1105 2'l2.
430 1103 433 1107 .

74 1118 169 1150 Phoenissa
186 1120 278 1159 Alphionis
295 1129 315 1150 ex
332 1120 376 1150 Jove
398 1122 453 1149 mater

97 1165 210 1223 Endyppionis
219 1165 288 1196 aliunde
296 1174 330 1195 non
339 1168 380 1195 note
388 1174 405 1204 p.
414 1165 453 1203 262,

98 1210 150 1241 adm·

74 1256 161 1287 Pirithous
170 1256 191 1287 ab
200 1255 275 1286 Hercule
283 1258 350 1286 amatus
358 1266 375 1295 p.
384 1256 422 1288 272.

74 1302 138 1332 Pluten
154 1297 193 1342 (sic)
205 1301 286 1332 Plutiden
303 1303 319 1331 et
336 1302 406 1332 Rufinus
423 1311 453 1341 ap-

98 1347 153 1385 pellat
164 1347 240 1377 Atlantis
252 1347 316 1383 filiam,
331 1356 351 1376 ex
363 1356 397 1386 qua
411 1346 453 1386 Jup-

97 1392 143 1431 piter
151 1392 230 1432 genuerit
238 1392 328 1422 Tantalum
337 1401 352 1431 p.
362 1393 401 1423 267.

75 1437 191 1477 praedicatum
199 1438 267 1477 plurale
275 1436 350 1475 subjecti
362 1437 454 1477 singularis

75 1537 157 1567 praesens
166 1537 197 1567 pro
205 1528 262 1558 futuro
271 1536 287 1566 p.
296 1528 335 1558 332.

75 1574 178 1612 praesentis,
184 1582 218 1603 non
224 1573 282 1610 futuri,
289 1573 399 1613 participium
405 1582 452 1604 usur·

98 1622 158 1657 patum
169 1619 187 1648 in
200 1617 304 1649 dictionibus
311 1618 386 1658 talibus,
397 1619 452 1657 qualis

99 1666 125 1694 est
133 1654 173 1704 ἧκεν
181 1659 267 1704 ἀγγέλλων
275 1673 294 1703 p.
302 1663 342 1694 330.
421 1658 422 1661 ’

253 1749 276 1785 R.

76 1822 194 1853 recensionum
210 1819 317 1854 diversarum
335 1822 419 1854 lectiones
435 1823 453 1854 in

78 1867 80 1871 ’
98 1877 150 1898 unum
166 1872 264 1907 compactae
279 1879 296 1908 p.
306 1869 344 1899 252.
360 1868 399 1900 253.Ἰ
415 1870 453 1900 254.

372 133 448 167 INDEX
455 132 562 166 LATINUS.

510 236 547 267 255.
564 234 603 267 256.
620 236 658 265 262.
676 235 714 266 264.
735 234 769 266 Cir.
786 235 838 267 etiam
846 248 863 278 p.

509 281 573 321 atosq.
582 290 599 320 p.
608 281 647 312 310.
656 280 695 312 331.

664 364 684 401 S.

486 440 569 472 Saturnus
578 439 640 471 aione
649 442 733 470 castratus
742 449 759 479 p.
769 439 807 471 268.

486 486 579 516 simulacre
606 494 626 515 ex
652 485 736 524 sepulcris
760 488 864 516 mortuorum

509 540 526 570 p.
534 532 573 563 280.

664 615 687 653 Τ.

487 689 548 721 tabula
556 690 602 729 picta
609 689 659 720 iovis
672 691 690 719 et
697 689 770 720 «iunonis
781 689 865 720 incestum

482 758 484 761 .
510 736 626 766 foedissimum
638 738 770 774 repraesentans
785 736 802 765 et
813 735 864 774 Argis

511 781 552 811 etin
561 782 618 812 insula
627 782 677 813 Samo
686 783 775 811 asservata
783 789 799 819 p.
809 780 847 811 273.

487 827 556 857 tabulae
568 826 625 865 pictae
639 827 702 857 Jovem
716 834 754 856 cnm
765 825 814 856 Leda
826 835 865 856 con·

510 871 617 901 cumbentem
629 870 729 902 exhibentes
737 872 806 901 nomine
814 880 865 910 supra

510 917 581 955 scripto,
590 919 607 947 et
615 916 684 955 similia,
693 927 709 956 p.
718 916 758 948 275.

488 961 558 1002 Thalia,
572 971 615 1001 quae
630 966 647 992 et
661 962 722 1000 Aetna,
737 961 810 993 Vulcani
824 961 865 999 filia,

509 1008 591 1046 nympha,
603 1017 613 1037 a
621 1007 665 1037 Jove
675 1008 746 1047 vitiata,
758 1006 865 1038 materPali·

510 1061 568 1083 corum
576 1062 593 1092 p.
602 1053 642 1084 270.
853 1080 855 1083 .

487 1098 574 1128 Themisto
605 1102 660 1128 mater
682 1097 755 1128 Arcadis
784 1107 802 1137 p.
826 1098 865 1135 267,

511 1139 566 1175 adn*

488 1188 549 1218 Thersi
557 1186 574 1230 (ἲ
583 1186 660 1231 &bettoni
669 1188 713 1219 inter
721 1197 784 1226 pueros
793 1187 815 1218 ab
823 1189 866 1218 Her-

511 1235 549 1264 cule
568 1237 634 1265 amatos
653 1234 737 1264 numerati
756 1234 822 1264 mentio
839 1243 866 1264 su-

510 1283 570 1318 specta
578 1289 595 1319 p.
605 1280 645 1312 272.

488 1325 573 1355 Thracum
588 1325 668 1356 nonnulli
688 1324 759 1356 canibus
774 1327 866 1355 vescentes

667 1433 691 1470 V.

489 1506 547 1536 Venus
556 1506 568 1536 J
570 1505 607 1536 ovis
616 1514 665 1536 soror
673 1515 689 1544 p.
699 1507 731 1536 268
737 1514 763 1545 sq.

487 1550 558 1582 verbum
565 1551 633 1591 plurale
640 1560 678 1581 curn
685 1551 794 1582 substantivo
801 1552 866 1590 plurali

510 1597 585 1627 neutrius
597 1596 664 1635 generis
679 1599 793 1627 constructum
807 1607 824 1636 p.
833 1598 865 1628 263

511 1638 548 1682 (ubi
559 1642 619 1674 adnot.
631 1641 652 1672 ad
664 1651 680 1680 p.
690 1642 728 1681 107,
741 1642 750 1672 9
763 1642 803 1673 add.
815 1642 866 1673 etiam

510 1687 573 1718 Homil.
582 1696 599 1725 p.
608 1688 647 1725 398,
657 1684 698 1728 17.).

487 1732 559 1764 verbum
567 1733 656 1772 singulare
663 1733 717 1764 locum
724 1732 820 1771 praedicati
828 1733 865 1772 plu·

510 1776 554 1808 rium
563 1777 710 1810 substantivorum
721 1778 833 1817 singularium
842 1782 866 1809 te·

511 1833 553 1856 nens
561 1834 578 1864 p.
587 1824 626 1855 283.
845 1829 848 1833 '

259 2836 331 2863 mesiam,
340 2822 466 2855 iuranssnubu‘r
475 2834 558 2855 arnonem:
565 2837 587 2856 ΕΤ
593 2837 684 2858 privamur.
