1827 3065
181 111 680 152 incasururrsaom.ouanraaaomnms.
788 102 830 145 293

82 210 104 246 P.
112 211 152 253 270,
161 210 172 245 8
181 221 227 246 sane
235 211 291 247 Hom.
301 212 388 248 codicum
397 212 490 250 lectione:
500 213 564 256 ὄντος,
573 212 696 260 probabilior
704 211 780 248 videtur
786 212 831 258 Epi-

37 263 97 298 tomes
110 256 210 302 utriusque
222 254 243 291 C.
252 255 298 291 XCI
310 259 415 304 scriptura:
425 259 561 307 iudicareque
574 265 638 295 tamen
648 258 750 294 subscribo
757 258 832 304 Judicio

36 301 131 339 Dresselii
145 302 166 336 in
179 302 222 337 adn.
236 301 246 335 1
261 301 287 337 ad
297 301 349 348 Epit.
361 304 415 339 alter.
428 303 449 339 C.
460 304 507 340 XCI
524 305 607 350 prolato.
631 304 702 340 Potlus
717 304 767 340 enim
782 304 833 349 quod

37 347 96 388 οὕτως
104 348 123 382 in
131 346 183 393 Epit.
191 346 261 393 prioris
269 346 316 382 XCI
324 352 369 385 ante
379 348 412 394 τήν
421 363 442 387 σε
451 353 542 388 τεκοῦσαν
552 351 669 387 collocatum
679 354 717 395 est,
726 348 833 385 correctori

38 393 104 430 deberi
113 392 232 436 crediderim,
242 392 301 440 quiin
309 392 344 429 illo
352 395 447 432 vocabulo
455 401 500 442 post
507 410 527 433 σε
535 397 599 444 posito
607 396 721 433 offenderet.
727 416 751 422 -«
760 393 834 430 Contra

36 454 76 520 pqr,
93 438 388 519 ⁶1¹¹⁰dEV2t13H0mil·,⁰⁰‘¹i⁰0⁸
403 441 505 488 praebent,
524 455 563 479 non
578 443 657 479 videtur
674 440 833 488 posthabendum

36 499 48 522 u
66 496 96 519 rus
110 496 135 519 ue
174 495 243 519 romes
253 495 289 520 serr
314 496 368 521 urae:
392 500 419 521 οσ.

82 497 153 574 Pilati,
161 496 174 565 Id
182 532 215 565 aut
223 496 315 578 tprttcig
327 500 412 566 mutdim·
423 535 457 567 aut
469 537 562 579 προσθεὶς
570 546 651 570 necesse
660 538 694 570 est.
719 532 833 568 Dresselius

37 578 56 612 in
65 575 116 621 Epit.
125 575 205 612 alterius
214 574 234 611 C.
243 574 300 611 XCII
307 576 414 622 secundum
422 577 497 624 aliquot
507 579 567 616 libros
582 592 637 615 mser.
647 580 718 616 edidit:
733 578 832 626 ὡμίλησεν.

36 622 131 668 Equidem
139 621 243 657 verisimile
252 622 308 664 duco,
317 622 336 656 in
346 622 434 668 exemplo
444 622 508 659 Rufini
516 625 588 660 lectum
596 625 667 661 fuisse:
676 640 705 672 πο
712 640 721 661 ο
727 629 782 662 στίν
788 640 796 667 η
803 637 831 666 σι,

36 680 79 704 nam
91 667 111 702 in
122 666 224 713 Recognit.
232 666 279 712 VII,
291 667 314 702 24
326 667 417 704 liabetur:
433 669 495 712 „Tum
506 670 575 706 Petrus
587 692 610 697 —
621 673 713 718 loquutus
725 672 750 706 ad
758 669 832 714 turbas,

37 712 91 750 addit
100 713 156 749 etiam
165 712 220 758 hoc“,
230 715 250 748 et
257 711 295 749 hoc
305 712 370 758 potius
383 713 404 749 in
415 713 505 750 Homiliis
520 718 652 761 reponendum
666 728 708 753 esse
724 727 801 752 censeo.
809 737 832 741 —

36 760 59 797 V.
68 760 90 795 10
99 758 200 795 sanissima
208 757 303 795 estHom.
315 759 403 795 eodIcum
416 760 511 806 scriptura
523 764 542 796 et
554 763 585 797 vel
598 763 615 797 ei
627 762 765 809 praeferenda,
780 762 832 809 quod

37 805 131 852 praebent
142 804 243 850 utriusque
253 803 305 850 Epit.
316 803 362 840 libri
374 816 429 841 mser.
443 804 464 841 C.
475 805 537 859 XCII.
551 829 574 833 —
589 807 660 844 Contra
671 820 688 843 v,
701 808 721 843 11
734 811 832 860 praestat:

37 849 832 946 tut{aabttttttttrtt?“ttttbllttttt{attrabit

37 946 102 990 νείμας
116 945 153 978 καὶ
168 946 207 982 ταῖς
219 955 266 978 ποτε
284 940 317 987 τὴν
332 945 403 999 μητέρα
417 948 619 991 παρσμυένησομείνος,
635 932 776 992 εὐχαριστήσας,
792 945 832 980 διέ-

37 991 109 1024 πλευσα
127 989 173 1022 cett.
197 985 315 1033 Scripturam
330 987 400 1033 ἄλλοις,
421 999 470 1034 quae
490 989 554 1023 estin
572 990 613 1025 cod.
630 988 654 1031 C,
670 990 785 1035 particulam
801 992 833 1025 καὶ

38 1038 82 1069 ante
97 1033 155 1068 verba
170 1032 204 1079 τὴν
214 1036 286 1082 μητέρα
297 1032 382 1079 itemque
399 1033 487 1079 copulam
496 1035 554 1079 Juxta
567 1036 682 1071 vocabulum
698 1034 833 1083 εὐχαριστήσας

38 1079 120 1124 positam
128 1089 175 1124 prae
186 1078 247 1113 oculis
256 1079 316 1114 fuisse
324 1077 404 1124 Rufino,
412 1078 514 1123 probabile
523 1080 611 1115 redditur
618 1079 649 1114 his
658 1081 722 1115 verbis
730 1080 832 1126 Recognit.

38 1124 81 1168 VII,
89 1123 121 1160 24:
135 1122 186 1168 „Sed
196 1127 216 1159 et
224 1124 267 1160 aliis
276 1123 391 1170 quibusdam
400 1124 541 1170 aliquantulum
549 1126 644 1170 pecuniae
653 1125 750 1168 distribui,
764 1129 783 1160 et
794 1125 833 1160 illis

38 1169 152 1205 mulieribus
162 1180 212 1217 quae
224 1169 328 1215 aliquando
343 1170 416 1204 solatae
429 1169 544 1204 dIcebantur
554 1171 575 1204 in
583 1170 667 1205 miseriis
676 1174 756 1205 matrem
765 1181 834 1213 meam,

39 1215 109 1262 quibus
122 1220 142 1250 et
154 1215 226 1262 gratias
235 1215 310 1250 1·etuli“.
336 1220 381 1255 Τοῖς
393 1214 456 1254 ἄλλοις
469 1215 547 1249 transiit
558 1215 578 1250 in
590 1220 631 1255 ταῖς
643 1214 714 1258 ἄλλοις,
729 1218 834 1262 postquam

39 1264 74 1302 καὶ,
84 1261 138 1307 quod·
144 1260 231 1307 proxime
240 1261 336 1307 sequitur,
349 1259 454 1295 intercidit.
478 1259 565 1296 Verbum
577 1259 712 1307 riqaprcrrjcar
724 1272 782 1307 quum
794 1262 834 1307 jam

39 1305 114 1352 pridem
122 1306 261 1342 intellexissem
273 1317 312 1342 non
322 1306 434 1341 struendum
444 1316 487 1340 esse
500 1316 542 1340 cum
552 1307 669 1358 antegressis
678 1306 786 1348 vocabulis,
800 1306 834 1342 sed

40 1351 175 1398 accipiendum
188 1353 212 1386 de
227 1351 294 1398 gratiis
306 1350 350 1387 Dcc
365 1351 424 1395 actis,
439 1349 572 1386 confirmatam
586 1352 627 1386 vidi
644 1353 774 1397 conjecturam
789 1352 834 1387 scri-

52 1400 106 1433 tura:
122 1395 256 1444 εὐχαριστήσας
267 1399 296 1442 τοῖ
306 1400 374 1444 κυρίῳ,
390 1407 439 1444 quae
453 1396 549 1442 reperitur
560 1397 580 1431 in
592 1397 692 1443 utriusque
704 1397 804 1444 Epitomes
814 1396 834 1432 C.

38 1462 47 1478 a
59 1441 99 1479 CII.
124 1443 193 1489 Neque
202 1454 250 1488 opus
260 1446 290 1477 est
297 1444 361 1477 verbis
371 1445 398 1489 τῴ
406 1447 473 1490 κυρίῳ,
487 1453 546 1488 quum
553 1442 633 1478 verbum
645 1443 763 1491 εὐχαριστεῖν
770 1454 805 1488 per
814 1453 834 1478 se

39 1490 101 1523 solum
113 1490 190 1534 saepius
203 1488 245 1532 illo,
259 1499 316 1534 quem
329 1488 411 1522 diximus
424 1486 535 1532 significatu
546 1487 656 1524 adhibitum
668 1489 776 1534 reperiatur
791 1488 833 1530 (cfr.

39 1533 83 1580 ipsa
90 1534 150 1569 verba
158 1534 244 1580 proxime
254 1533 356 1579 sequentia
364 1546 382 1579 p.
390 1532 430 1576 272,
439 1534 467 1577 4);
479 1532 537 1568 immo
546 1532 598 1568 haud
607 1534 678 1580 injuria
688 1535 758 1570 dixeris
767 1533 834 1569 addita

40 1580 64 1615 ab
74 1579 145 1625 aliquo,
154 1580 187 1626 qui
196 1579 265 1614 falsam
275 1580 455 1624 interpretationem
464 1579 518 1614 verbi
527 1578 661 1626 εὐχαριστήσας
670 1590 738 1614 cavere
747 1580 811 1615 vellet.

85 1625 106 1660 P.
114 1625 174 1669 2723
185 1628 231 1669 post
241 1624 301 1658 verba
316 1627 426 1671 Γενομένων
437 1625 458 1660 δὲ
476 1622 529 1669 ἡμῶν
543 1625 641 1659 intercidit
655 1629 689 1660 aut
703 1626 735 1660 ἐπὶ
747 1624 768 1660 τὸ
782 1623 834 1666 αὐτὸ,

40 1671 92 1716 quod
105 1675 135 1705 est
147 1670 178 1706 vel
189 1670 254 1715 potius
267 1680 309 1704 esse
322 1669 381 1704 debet
392 1670 412 1703 in
423 1669 475 1715 Epit.
485 1668 542 1713 prior.
552 1668 572 1704 C.
581 1669 655 1714 XCIII,
668 1672 702 1704 aut
710 1671 800 1711 ἐνταῦθα,
812 1672 834 1704 ut

39 1715 131 1761 scriptum
141 1720 171 1750 est
178 1716 197 1750 in
204 1714 255 1760 Epit.
264 1714 318 1750 alter.
329 1713 349 1749 C.
358 1713 430 1759 XCIII,
439 1718 473 1750 aut
481 1717 522 1757 ἐκεῖ,
531 1716 583 1761 quod
590 1719 636 1761 post
643 1714 746 1763 γενόμενος
751 1714 835 1751 habetur

38 1773 57 1810 p.
66 1761 105 1806 tet,
113 1761 129 1801 9,
135 1764 159 1796 et
167 1765 211 1796 ante
220 1764 250 1796 καὶ
259 1759 351 1795 facillime
363 1759 479 1795 intercidere
489 1763 558 1805 potuit.
570 1782 593 1786 —
601 1760 621 1796 V.
630 1760 641 1794 6
650 1761 774 1796 scribendum
783 1763 834 1795 erat:

40 1812 83 1853 ripa,
91 1811 114 1842 ut
121 1818 172 1841 nunc
182 1805 254 1841 editum
262 1805 318 1840 rideo
327 1806 347 1840 in
356 1806 456 1852 utriusque
463 1805 514 1851 Epit.
524 1804 544 1840 C.
554 1817 569 1840 c.
588 1806 662 1841 Eodem
670 1806 727 1841 modo
738 1806 835 1853 corrigen-

41 1853 86 1887 dum
94 1865 112 1898 p.
120 1851 159 1897 214,
168 1851 196 1888 14
207 1872 230 1877 -
244 1850 264 1886 V.
273 1850 296 1884 11
308 1851 419 1899 recipienda
431 1854 473 1886 erat
485 1850 557 1887 codicis
567 1849 583 1885 Ο
596 1851 700 1897 scriptura:
717 1850 728 1896 ἡ
743 1850 787 1887 ἄνευ
801 1853 836 1886 τοῦ

41 1899 126 1944 φυσικῶς
134 1903 237 1937 πείθοντος
245 1895 292 1942 πρὸς
301 1901 343 1932 οἱον
351 1895 374 1942 dp
382 1910 430 1932 ποτε
439 1894 518 1945 στοργή,
532 1907 582 1943 quae
595 1897 662 1932 eadem
674 1897 787 1942 reponenda
799 1897 836 1931 erit

39 1942 59 1977 in
67 1944 169 1990 utriusque
177 1943 228 1988 Epit
238 1940 257 1977 C.
267 1953 282 1977 c.
292 1962 314 1967 —
321 1940 390 1988 Aeque
398 1942 473 1977 mireris
482 1954 499 1978 v.
507 1942 530 1976 12
539 1953 613 1988 sqnon
625 1946 725 1987 receptam
734 1941 807 1977 codicis
819 1940 835 1976 0

40 1989 163 2035 scripturam:
172 1988 320 2035 ὑποδεξαμένην,
330 1998 388 2033 quani
395 1987 477 2033 praebet
485 1987 543 2022 etiam
552 1990 634 2033 utraque
642 1986 693 2033 Epit.
701 1986 713 2022 l.
719 1999 734 2021 ο.
743 2008 766 2012 -
773 1986 835 2023 Deni-

42 2045 79 2079 que
88 2046 126 2069 non
135 2033 201 2081 liquet,
211 2044 250 2079 qua
258 2033 282 2068 de
291 2044 361 2068 caussa
369 2032 480 2068 Dresselius
489 2045 506 2067 v.
515 2032 538 2068 14
546 2037 647 2073 πέπειστο,
661 2032 713 2078 quod
721 2035 751 2067 est
759 2032 779 2066 in
793 2033 835 2067 cod.

41 2081 62 2124 Ο,
71 2079 208 2126 posthabuerit
215 2078 296 2114 lectIoni
306 2079 347 2113 cod.
357 2077 382 2114 C:
397 2080 505 2115 ἐπέπειστο.
528 2077 632 2122 Reperitur
644 2076 693 2112 haec
702 2077 765 2112 altera
773 2077 836 2112 forma

41 2127 98 2163 etiam
107 2125 126 2160 in
133 2125 233 2171 utriusque
241 2124 294 2170 Epit.
304 2122 325 2159 C.
335 2135 357 2169 e,
366 2124 437 2170 utplus
447 2123 507 2159 semel
515 2125 639 2168 augmentum
652 2122 768 2168 syllabicam
782 2123 836 2169 plus-

42 2170 182 2220 quamperfecti
194 2171 213 2204 in
222 2174 304 2216 utroque
313 2169 370 2204 Hom.
380 2170 422 2204 eod.
432 2169 523 2204 omissum
535 2168 601 2202 videre
614 2170 652 2210 est,
663 2167 696 2202 cfr.
706 2178 721 2203 e.
731 2179 760 2213 gr.
768 2180 786 2214 p.
795 2168 835 2211 191,

41 2221 142 2265 γεγένηντο
157 2216 187 2251 vel
202 2218 322 2261 γεγέννηντο,
337 2226 355 2260 p.
364 2214 404 2258 251,
413 2214 424 2248 2
433 2223 461 2258 sq.
474 2211 635 2260 διαπεφωνήκειν,
650 2224 684 2258 pro
699 2223 736 2258 quo
751 2213 770 2248 in
783 2213 836 2259 Epit.

21 2304 23 2306 ,
43 2264 98 2298 alter.
108 2260 128 2297 C.
137 2260 220 2306 LXXII,
229 2272 268 2296 non
277 2258 443 2294 consentientibus
453 2258 507 2294 libris
517 2270 577 2303 mser,
587 2258 702 2304 reposit-um:
716 2257 836 2306 ὃνεττεφιονή-
880 2299 882 2302 .

41 2322 85 2353 ran,
101 2307 153 2354 quod
162 2306 222 2341 babet
233 2305 284 2351 Epit.
296 2304 353 2349 prior.
366 2303 386 2339 C.
399 2303 481 2346 LXXII,
493 2316 511 2349 p.
520 2303 561 2347 288,
574 2303 596 2338 15
607 2302 770 2346 πεπιστεύκεισαν,
784 2302 837 2350 quod

41 2353 101 2390 habet
113 2352 171 2389 etiam
179 2351 230 2398 Epir.
241 2352 274 2386 alt.
284 2349 304 2386 C.
314 2348 373 2394 CVII,
386 2350 430 2384 dum
439 2348 490 2396 Epit.
502 2348 561 2394 prior.
570 2347 591 2385 C.
601 2347 656 2385 CVII
667 2349 759 2396 praebet:
768 2350 836 2385 ἐπεπτ-

96 2430 100 2435 .
116 2427 117 2431 =
132 2412 160 2435 II’.

45 2410 157 2488 ffzfvdilgid,
165 2444 176 2479 8
185 2454 219 2489 pro
228 2441 252 2488 ἦν
263 2444 366 2488 postquam
378 2439 454 2486 conjeci
468 2440 592 2475 scribendum
603 2451 646 2475 esse
660 2444 696 2485 εἴη,
711 2450 762 2475 nunc
773 2440 837 2486 ipsum

42 2491 103 2536 video,
112 2490 141 2525 sic
149 2490 186 2536 legi
196 2489 216 2523 in
225 2488 326 2534 utriusque
334 2485 386 2532 Epit.
395 2484 416 2521 C.
432 2484 504 2522 XCIII.
511 2506 533 2511 —
549 2485 604 2527 Quae
618 2489 725 2532 sequuntur
738 2485 798 2521 verba
810 2486 838 2522 sio

42 2540 63 2572 ut
75 2537 113 2572 hoc
121 2536 165 2571 loco
175 2534 222 2571 etin
230 2533 282 2580 Epit.
290 2532 370 2569 alterius
379 2531 400 2567 C.
409 2529 476 2566 XCIII
484 2530 557 2576 scripta
564 2534 614 2576 sunt,
620 2531 671 2567 bene
678 2530 755 2567 habeut.
765 2529 839 2567 Contra

55 2583 95 2617 uod
106 2581 126 2617 in
138 2581 189 2627 Epit.
201 2579 271 2626 prioris
283 2578 303 2613 C.
312 2576 379 2613 XCIII
390 2588 457 2612 versus
468 2576 526 2613 finem
539 2576 610 2611 editum
622 2580 660 2620 est,
675 2575 839 2623 fe1·1·inequit.—

43 2593 65 2662 V.
74 2628 97 2663 14
105 2638 139 2673 pro
149 2625 192 2663 οὔτε
200 2625 343 2671 reponendum:
352 2622 377 2659 οὐ
384 2625 408 2660 δὲ
436 2622 492 2658 Idem
499 2621 567 2658 vitium
578 2622 656 2667 irrepsit
667 2623 686 2657 in
698 2622 749 2668 Epit.
758 2622 838 2659 alterius

44 2671 64 2708 C.
73 2672 144 2710 XCIV.
168 2672 191 2708 Iu
197 2671 251 2717 Epit.
259 2669 328 2717 prioris
337 2667 358 2705 C.
367 2666 432 2704 XCIV
440 2668 484 2704 libri
492 2679 547 2703 mser.
556 2666 667 2714 porrigunt:
675 2669 729 2717 μηδὲ,

88 2719 110 2754 Ρ.
118 2717 159 2763 274,
168 2718 178 2753 7
186 2717 258 2753 editum
268 2720 307 2752 est:
317 2714 326 2752 ὁ
336 2716 373 2756 mir
381 2714 490 2762 dodanam,
499 2714 534 2761 οὐχ
542 2713 553 2749 ὅ
561 2728 589 2753 τις
595 2712 702 2763 ἅνθρωπος,
711 2715 732 2750 in
737 2714 839 2762 Epitomes

44 2763 146 2811 utriusque
156 2763 176 2800 C.
185 2761 260 2799 XCIV:
269 2784 292 2789 —
304 2761 338 2808 οὐχ
347 2760 376 2798 ὅτι
386 2758 411 2802 εἷς
419 2761 442 2802 ἶν’,
451 2771 474 2796 ex
482 2759 569 2806 plurimis
579 2758 632 2794 libris
642 2771 707 2806 ησσον,
723 2761 787 2797 sedin
796 2762 839 2796 adn.

45 2809 89 2845 2ad
98 2809 150 2856 Epit.
160 2810 215 2846 alter.
228 2808 249 2846 C.
257 2820 274 2847 c.
285 2805 402 2855 significavit
415 2806 535 2850 Dresselius,
546 2804 652 2859 mellorem
661 2805 700 2853 ipsi
710 2807 772 2843 videri
786 2807 839 2842 illam
