1824 3065
69 147 111 189 286
278 158 657 194 rurusaunmunuorrrr.enitar.

69 274 131 309 ματος
139 259 228 304 κινήσεως
235 261 296 293 altero
305 258 348 294 loco
360 257 458 292 adhibitis.
471 257 533 300 Quam
542 257 600 293 facile
609 256 650 291 fieri
660 256 864 302 potuerit,utve1·bum

70 306 96 340 ad
109 311 244 352 antegressum
260 315 334 338 uersum
347 304 447 349 pertinens
460 315 506 339 casu
518 303 657 338 transferretur
670 301 689 336 in
702 305 823 346 sequentem,
835 306 865 341 vix

72 363 121 397 opus
131 355 161 386 est
168 359 251 385 monere.
264 370 287 374 —
298 348 403 385 Praeterea
416 350 480 394 locus,
494 350 527 406 qui
540 352 569 384 est
581 348 692 395 V.15sqq.:
705 347 743 384 Διὰ
754 346 788 394 γὰρ
798 348 819 383 σὲ
826 351 864 386 *t

73 396 120 437 Θεὸς
127 398 210 433 ἐκέλευσε
223 394 244 431 τὸ
258 397 290 430 ἐπὶ
302 394 407 440 προσώπου
416 395 447 440 τῆς
455 396 489 443 γῆς
498 396 618 445 υποχωρῆσαι
629 394 684 438 ὕδωρ,
693 396 723 429 ἵνα
732 391 816 440 καρποὺς
824 393 834 439 ἡ
842 398 864 442 γῆ

73 454 104 479 σοι
113 444 235 488 προσενέγκαι
246 443 325 488 (laurata,
335 445 366 477 καὶ
374 440 465 488 τρηόόνας
476 443 574 485 ἐποίησεν,
587 443 618 475 ἵνα
630 452 659 477 σοι
670 440 757 488 παρασχῇ
769 437 829 485 πηγὰς
836 446 865 476 καὶ

72 489 164 535 ποταμῶν
172 487 239 534 ῥεῖθρα
248 488 303 535 ρανῇ,
311 481 343 523 ’καὶ
353 488 388 529 ζῶα
397 488 500 533 ἐκβρασθῆ,
512 486 598 521 nondum
607 486 664 520 estin
673 486 760 521 ordinem
769 485 864 524 redactus.

71 534 139 578 Inepte
148 533 198 568 enim
207 533 261 568 Deus
271 533 343 568 dieitur
352 531 444 579 τρηόόνας
452 526 539 578 ποῖῆσαι,
553 533 584 567 ἵνα
597 532 632 573 ζῶα
642 533 741 580 ἐκβρασθῇ.
761 530 805 566 Jam
815 541 863 566 com-

70 589 128 624 pares
137 578 193 614 velim
203 589 252 625 quae
260 579 352 626 leguntur
361 579 381 613 in
392 578 497 624 Recognit.
505 578 539 622 VI,
552 578 571 612 7:
583 577 679 622 „Propter
688 582 708 612 te
718 588 764 622 ergo
774 574 806 611 dei
811 576 866 621 jussu

71 635 131 671 aqua,
145 636 194 672 quae
209 627 251 660 erat
263 634 321 670 super
332 624 403 659 faciem
415 627 488 668 terrae,
502 624 592 668 secessit,
607 625 629 657 ut
640 626 691 658 terra
705 622 741 658 tibi
749 622 865 667 produceret

71 669 152 714 fructus,
161 671 193 705 cui
202 670 260 705 etiam
268 669 370 705 humorum
378 680 438 704 venas
446 670 531 705 latenter
539 667 629 712 inseruit,
641 671 663 703 ut
676 668 712 704 tibi
721 679 745 703 ex
753 677 777 703 ea
784 667 865 713 proflue-

70 719 114 750 rent
122 716 186 751 fontes
196 719 216 751 et
223 714 308 752 flumina.
331 715 414 761 Propter
428 718 448 750 te
459 715 566 761 producere
575 715 631 760 jussa
644 717 674 750 est
682 713 804 758 *animantia‘
823 718 866 750 cett.

71 761 122 796 Hine
131 764 220 807 apparet,
232 762 357 797 scribendum
366 772 418 796 esse:
426 781 450 787 -—
458 764 582 809 προσενέγκαι
591 761 668 809 δυνηθῇ,
678 760 689 809 ᾗ
698 764 727 796 καὶ
739 779 762 785 -
773 759 828 808 φανῇ,
837 764 866 797 καὶ

74 809 109 849 ζῶα
118 809 216 854 inpetrat-51,
226 808 254 843 ita
262 812 285 842 ut
294 807 424 843 construenda
433 808 472 841 sint
483 806 552 842 verba:
564 809 595 843 ἳνα
604 804 686 852 καρποὺς
696 805 706 850 ἡ
718 808 743 853 γῆ
754 817 786 842 σοι
797 817 866 852 προσε-

72 857 136 899 νέγκαι
148 847 223 902 ravat-p*
233 857 264 888 παὶ
276 854 311 895 ζῶα
323 854 424 901 anaginna—qi,
435 864 461 887 sci
473 853 493 888 ἐκ
505 853 537 896 τῆς
550 853 588 897 γῆς,
602 849 641 886 cfr.
655 853 713 886 etiam
724 852 785 896 locus,
795 852 828 897 qui
838 856 867 887 est

72 910 90 943 p.
102 899 141 943 191,
154 899 176 933 18
186 911 237 945 sqq‚:
251 899 261 944 ἡ
277 899 298 935 dt
314 900 338 945 γῆ
353 901 372 935 ἐκ
387 897 460 934 τούτων
472 901 505 938 (εν,
519 895 659 945 πιστωμάτων)
672 896 748 944 σφόόρα
764 902 865 945 μιανθεῖσα

72 945 149 989 πρῶτον
161 942 204 980 τότε
216 942 238 978 τὰ
252 942 316 990 ἳοβόλα
326 948 357 979 καὶ
365 942 467 991 luparciaci
478 944 513 984 ζῶα
522 945 627 990 έξέβρασεν,
643 954 759 990 quamquam
775 953 824 989 quae
833 943 865 978 hic

72 992 249 1025 commemorantur
257 989 348 1024 animalia
356 999 394 1023 non
404 994 448 1023 sunt
457 989 529 1023 eadem.
553 988 573 1023 ls
582 989 636 1023 locus
646 989 703 1023 simul
712 989 770 1024 etiam
780 987 866 1023 suffulcit

72 1036 187 1080 scripturam
197 1035 271 1071 codicis
281 1033 305 1069 0:
318 1036 417 1084 ἐκβραοθῇ.
427 1055 451 1060 -
461 1033 568 1069 Praeterea
580 1034 705 1070 adnotatione
718 1033 777 1080 digna
790 1037 819 1068 est
831 1045 866 1069 vox

73 1079 153 1128 reodola,
169 1081 220 1116 idem
235 1079 348 1127 significans
364 1081 417 1126 quod
431 1082 492 1128 τρῆμα
522 1079 625 1125 Reperitur
637 1091 669 1123 ea,
696 1080 735 1115 uod
751 1090 787 1126 ego
800 1081 865 1124 sciam,

71 1131 149 1172 praeter
160 1126 212 1161 hunc
224 1126 288 1161 locum
304 1126 425 1162 solummodo
437 1126 490 1171 apud
501 1124 641 1171 Hippocratem
653 1092 732 1161 Deion.
740 1126 790 1161 med.
799 1137 817 1170 p.
826 1125 865 1171 401,

72 1172 155 1216 2Foes.‚
163 1172 198 1207 ubi
206 1173 321 1208 vocabulum
334 1170 417 1218 τέρηόόιν
429 1170 536 1217 explicatur
549 1171 578 1206 his
590 1171 663 1207 uerbis:
676 1173 729 1209 ἐστὶν
740 1169 799 1208 ὀστοῦ
810 1169 865 1208 κατό-

73 1228 138 1265 τρησις
145 1217 184 1254 ἀπὸ
193 1220 276 1266 φθορᾶς·
287 1216 307 1254 τό
317 1219 338 1254 di
346 1218 407 1268 όνομα
416 1219 443 1262 τῷ
451 1216 510 1253 πόθει
518 1215 556 1253 ἀπὸ
566 1219 604 1254 των
612 1215 866 1265 σομβεβιγκότωντρημότων,

73 1268 134 1300 οἱονεί
141 1278 170 1305 τις
178 1264 250 1310 τρηόόιν
260 1262 311 1299 οὖσα.
335 1263 358 1299 In
371 1263 439 1310 quinta
450 1263 518 1298 Lexici
529 1262 644 1298 Passoriani
653 1263 738 1300 editione
747 1261 821 1310 τρηόών
829 1262 866 1298 hoc

72 1308 200 1344 Humiliarum
216 1310 259 1346 loco
281 1321 382 1355 perperam
403 1309 487 1344 traditur
505 1309 557 1344 idem
575 1308 640 1345 valere
661 1309 711 1357 quod
733 1306 821 1356 τερηόών.
844 1307 867 1344 In

73 1354 166 1390 Thesaur.
176 1354 268 1400 Stephan.
278 1354 324 1390 edit.
333 1355 393 1390 Paris.
402 1355 436 1389 illa
445 1366 482 1390 vox
490 1366 569 1399 prorsus
579 1359 609 1390 est
618 1354 737 1390 transmissa.

119 1400 140 1436 P,
152 1400 192 1446 246,
204 1402 226 1436 10
240 1413 268 1447 sq.
281 1401 301 1435 in
312 1401 386 1436 verbis:
399 1399 451 1441 ὅπως
463 1399 552 1447 ἐπιγνούς
563 1413 598 1437 σου
610 1400 631 1436 τὸ
643 1405 698 1448 γένος
708 1403 739 1436 καὶ
750 1399 866 1449 πρωτογόνῳ

73 1446 207 1491 ἀναγεννηθεὶς
222 1445 276 1482 ὕδατι
288 1449 318 1482 καὶ
332 1445 448 1495 κληρονόμος
462 1447 561 1494 καταστῇς,
574 1446 676 1482 offensioni
688 1457 740 1490 esse,
752 1446 804 1492 qnod
815 1457 866 1491 aqua
898 1460 899 1463 ¹

72 1495 153 1526 vocetur
166 1491 298 1538 primigenita,
312 1495 365 1527 recte
379 1495 446 1527 monet
457 1490 578 1527 Ublhornius
591 1492 603 1527 l.
616 1491 767 1538 c.p.114,adn.
781 1491 808 1526 99.
831 1492 867 1527 Est

73 1540 138 1572 autem
160 1537 277 1573 vocabulum
297 1536 413 1585 πρωτογόνῳ
436 1536 504 1582 procul
527 1536 585 1572 dubio
606 1542 722 1583 corruptum.
745 1536 866 1573 Emendandi

72 1582 167 1618 rationem
180 1581 287 1629 indigitant
301 1583 360 1618 verba
373 1581 460 1628 proxime
476 1585 597 1628 antegressa,
608 1594 625 1617 v.
636 1583 655 1618 8:
671 1581 693 1619 τὰ
705 1582 767 1619 πόντα
779 1582 801 1618 τὸ
816 1582 867 1630 ὕδωρ

73 1633 129 1665 ποιεῖ,
153 1628 197 1664 Vox
212 1626 357 1676 παντογόνος
367 1628 463 1673 reperitur
478 1626 535 1663 etiam
548 1629 567 1662 in
582 1629 660 1664 oraculo
673 1628 742 1675 Sibyll.
752 1629 805 1674 apud
813 1628 866 1665 Zosi-

73 1686 124 1709 mum
132 1674 158 1718 II,
167 1673 184 1709 6.
195 1695 217 1700 -
232 1673 323 1710 Ceterum
332 1672 391 1709 dictio
403 1672 521 1723 πρωτογόνῳ
530 1673 584 1711 ddum
592 1674 694 1720 legebat-nr
704 1674 762 1710 etiam
771 1676 791 1709 in
806 1686 867 1710 exem-

72 1720 115 1765 plo,
132 1732 170 1766 quo
184 1720 276 1756 utebatur
290 1719 380 1763 Rufinus,
393 1719 427 1754 cfr.
439 1720 542 1764 Recognit.
553 1719 587 1764 VI,
599 1721 616 1766 8,
630 1720 664 1755 nbi
675 1720 724 1755 haec
741 1723 785 1754 sunt
799 1720 867 1755 verba:

73 1776 128 1810 „cum
141 1770 204 1800 autem
217 1766 328 1811 perveneris
340 1765 365 1800 ad
376 1769 459 1811 patrem,
472 1776 567 1810 agnosces
575 1765 626 1801 hano
637 1777 680 1802 esse
689 1766 809 1801 voluntatem
818 1767 865 1812 ejus,

72 1815 94 1845 ut
105 1822 140 1855 per
149 1822 217 1858 aquas,
231 1823 281 1857 quae
292 1812 365 1856 primae
382 1814 458 1846 creatae
470 1814 523 1853 sunt,
539 1812 602 1846 denuo
616 1812 742 1847 renascaris“.
756 1832 778 1837 -
792 1811 866 1856 Restat,

73 1860 95 1890 ut
109 1856 133 1891 de
148 1857 254 1892 levioribus
269 1856 385 1903 quibusdam
400 1867 486 1902 agamus.
510 1857 548 1892 Pro
563 1856 654 1903 ἐπιγνοὺς
668 1858 729 1891 codex
746 1855 761 1891 O
778 1857 867 1902 praebet:

74 1903 160 1947 ἐπιγνῷς,
171 1907 191 1937 et
198 1906 233 1943 καὶ,
244 1902 296 1949 quod
304 1906 334 1937 est
342 1905 387 1937 ante
395 1901 475 1949 κληρονό
493 1916 517 1943 ος,
526 1914 565 1937 non
574 1903 634 1938 habet
643 1904 703 1938 codex
713 1901 735 1937 0.
752 1902 807 1944 Quae
816 1903 867 1938 edita

75 1949 120 1981 sunt
133 1959 145 1982 a
156 1947 264 1991 Dresselio,
279 1947 326 1982 ferri
338 1951 444 1994 nequeunt¹
486 1948 550 1982 xstitit
561 1952 625 1983 autem
641 1948 713 1994 duplex
726 1948 794 1992 lectio,
809 1948 868 1983 altera

74 1992 132 2027 baec:
145 1991 198 2033 ὅπως
207 1994 289 2039 ἐπιγνῷς
300 2013 323 2018 -
334 1996 364 2028 καὶ
375 2013 396 2018 —-
408 1993 567 2040 ἆνσγεννηόῆς
577 2015 600 2020 -
615 1998 645 2030 καὶ
656 2014 679 2019 -
690 1995 790 2042 καταστῇς,
806 1994 867 2029 altera

73 2038 132 2073 haec:
144 2037 197 2079 ὅπως
205 2037 295 2085 ἐπιγνοὺς
304 2058 325 2062 -
335 2042 365 2074 καὶ
373 2052 393 2074 π.
404 2038 537 2085 ιῖγαγεννηθεὶς
544 2034 562 2075 ii.
571 2038 688 2088 κληρονόμος
695 2041 792 2089 καταστῇς.
801 2039 867 2075 Poste·

73 2084 143 2119 riorem
152 2085 240 2130 recipere
250 2084 335 2119 debebat
342 2083 460 2120 Dresselius.
645 2096 648 2100 ⁴

119 2129 140 2166 P.
149 2129 183 2164 247
192 2141 220 2177 sq.
229 2133 259 2165 καὶ
267 2129 297 2164 bis
309 2129 394 2174 positum
405 2129 452 2163 ferri
460 2130 533 2175 nequit.
559 2128 616 2171 Quod
629 2129 761 2175 Schweglems
775 2130 867 2176 conjecit:

74 2173 136 2215 ότοὺς
143 2178 293 2223 βαπτιζομένους
300 2195 324 2200 -
335 2178 366 2210 καὶ
377 2173 448 2222 ῥύεται,
463 2176 521 2210 etiam
531 2174 578 2209 mihi
587 2175 607 2208 in
616 2178 699 2210 mentem
707 2174 766 2210 venit.
790 2176 816 2209 At
829 2188 867 2211 non

74 2219 164 2255 sufficere
173 2220 224 2255 hune
233 2220 342 2267 corrigendi
351 2222 435 2264 modum,
448 2220 548 2266 intelligit,
558 2220 590 2267 qui
604 2231 647 2254 cum
655 2220 728 2260 verbis,
738 2231 788 2266 quae
797 2225 841 2255 sunt
848 2222 867 2255 in

74 2265 174 2300 codicibus
183 2265 321 2301 Humiliarum:
333 2267 374 2302 tort
384 2264 419 2314 γεἰρ
428 2280 447 2301 τι
459 2268 497 2302 ἐκεῖ
507 2267 591 2313 ἀπαρχῆς
599 2267 682 2315 ἐλεῆμον,
692 2265 833 2314 ἐπιφερόμενον
841 2268 868 2312 τῷ

74 2310 133 2354 traca,
143 2314 174 2346 καὶ
182 2310 226 2350 τοὺς
233 2314 383 2360 βαπτιζομένους
390 2313 423 2347 ἐπὶ
431 2313 454 2361 τῇ
462 2317 588 2361 τρισμακαρίρ
597 2313 717 2358 ἐπονομασίᾳ
725 2315 756 2347 καὶ
764 2311 827 2359 ῥύεται
836 2314 868 2357 τῆς

74 2358 166 2405 ἐσομένης
177 2355 277 2399 κολάσεως,
289 2357 394 2392 contulerit
406 2368 438 2401 ea,
451 2368 500 2404 quae
509 2357 606 2393 habentur
613 2356 633 2392 in
641 2357 743 2403 Recoguit.
751 2357 785 2400 VI,
794 2357 814 2391 9:
826 2361 868 2402 „est

74 2402 125 2437 enim
136 2404 156 2437 in
168 2403 224 2448 aquis
235 2403 278 2437 istis
290 2402 435 2437 misericordiae
447 2404 476 2437 vis
488 2402 593 2449 quaedam,
608 2414 657 2449 quae
669 2413 692 2437 ex
704 2402 760 2437 initio
769 2402 868 2438 ferebatur

75 2458 133 2492 snper
142 2458 181 2488 eas,
190 2451 210 2482 et
218 2448 307 2491 agnoscit
316 2459 349 2483 eos
359 2448 392 2493 qui
400 2448 524 2492 baptizantur
531 2448 566 2482 sub
574 2447 705 2493 appellatione
713 2448 795 2492 triplicis
805 2459 867 2483 sacra-

74 2493 142 2536 menti,
151 2497 171 2528 et
183 2492 240 2538 eripit
252 2503 285 2528 eos
294 2492 318 2528 de
327 2493 428 2538 suppliciis
437 2492 526 2530 futuris.“
545 2493 624 2528 Planum
635 2496 669 2536 est,
677 2491 697 2527 in
706 2493 793 2539 exemplo
802 2491 867 2528 Rufini

74 2538 172 2574 exstitisse
181 2537 297 2584 particulam
304 2542 335 2574 καὶ
342 2542 382 2573 tam
390 2539 441 2573 inter
449 2538 503 2575 ὕδατι
512 2542 531 2575 et
540 2537 584 2579 τοὺς
591 2542 745 2587 βαπτιζομένους,
753 2550 810 2585 quam
817 2540 868 2573 inter

74 2585 194 2632 ἐπονομασίρ
205 2587 225 2618 et
233 2583 303 2632 ῥύεται,
319 2584 405 2619 dumille
419 2585 465 2620 sede
475 2584 594 2620 desideratur
602 2586 622 2618 in
631 2584 759 2619 Homiliarum
769 2584 837 2620 codice
846 2583 866 2628 C,

74 2629 112 2663 hac
119 2630 139 2664 in
147 2629 218 2664 Homil.
228 2630 270 2665 cod.
283 2628 315 2674 04
332 2641 395 2675 porro,
404 2629 494 2665 Rufinum
503 2634 548 2676 post
556 2629 608 2674 prius
620 2633 650 2665 καὶ
663 2629 735 2675 legisse
744 2629 866 2673 vocabulum,

75 2674 128 2720 quod
135 2674 173 2720 ipsi
180 2675 245 2710 valere
253 2675 352 2710 videretur
360 2674 412 2711 idem
421 2678 479 2723 atque
488 2675 608 2721 „agnoscat
632 2675 649 2710 N
652 2686 676 2709 on
688 2674 808 2718 dubitamus,
821 2674 867 2723 quin

76 2718 167 2764 scriptum
180 2720 295 2766 reppererit:
307 2719 401 2767 γινώσκει.
421 2720 489 2756 Paullo
506 2731 565 2766 supra
584 2720 663 2756 verbum
680 2719 779 2767 γινώσκειν
795 2720 866 2766 pluries

74 2766 212 2809 interpretatus
221 2769 251 2800 est
259 2768 395 2812 „agnoscere.“
407 2766 513 2801 Praeterea
521 2767 590 2812 liquet,
599 2777 657 2812 quam
665 2764 724 2801 facile
732 2765 780 2800 illud
788 2770 868 2812 propter

75 2811 230 2846 terminationem
247 2825 285 2848 -κει
302 2811 419 2847 intercidere
437 2812 522 2856 potuerit
540 2815 584 2856 post
601 2814 636 2846 παὶ.
655 2831 678 2835 —
693 2810 804 2857 Sequuntur
818 2811 867 2847 haec

76 2855 143 2891 verba:
158 2854 221 2902 ὥσπερ
235 2857 285 2904 δῶρα
297 2861 408 2905 προσαιέρον
420 2858 446 2902 τῷ
459 2859 500 2901 Θεῷ
509 2856 533 2896 ὡς
543 2855 566 2892 ἂν
575 2855 613 2892 ἀπὸ
625 2857 659 2892 τοῦ
667 2861 798 2904 βαπτίσματος
806 2857 867 2893 αὐτῶν
