1827 3065
330 181 435 213 nrrrouu
447 181 522 214 aaron.
814 170 829 213 5

33 287 104 321 crmeta
112 281 206 319 oblivioni
214 279 317 317 tradente?
330 292 373 315 cum
381 283 446 316 autem
454 292 493 317 non
501 281 561 325 fuero,
574 292 599 316 an
608 280 747 327 quodammodo
756 280 831 316 futinus

0 333 3 374 ,'
34 342 84 374 sum,
95 340 127 365 eos
137 327 169 374 qui
178 339 217 363 non
226 330 271 361 sunt
280 337 409 373 cognoscem,
418 337 455 362 nec
464 338 594 374 cognoscens,
603 338 640 362 nec
649 326 748 374 cognitus,
761 326 831 373 quique

0 393 2 398 >
33 388 72 411 non
84 374 162 417 fuerim,
177 384 217 408 non
229 371 279 407 sim?
294 372 321 406 Et
334 371 463 418 aliqnandone
478 372 542 408 factus
555 373 581 407 sit
592 372 674 407 mundus
686 376 706 408 et
718 376 763 408 ante
775 384 832 419 quam

0 422 2 437 ²
33 421 99 467 fieret,
112 419 203 466 quidnam
215 417 269 454 erat?
285 418 336 454 Nam
348 417 365 452 si
377 428 451 463 semper
462 418 508 463 fuit,
523 429 598 465 semper
610 418 668 454 etiam
681 418 727 463 crit;
745 418 775 453 sin
786 430 831 454 uero

34 471 96 503 ortum
106 465 175 509 babet,
188 463 265 500 omnino
278 463 337 499 etiam
349 463 474 498 dissolvetur:
493 467 513 500 et
524 469 569 511 post
581 464 729 500 dissolutionem
740 464 832 510 quidnam

35 513 71 549 erit
79 513 154 555 iterum,
164 510 215 557 quod
223 521 275 545 nunc
283 509 403 556 impossibile
412 509 460 544 milri
469 514 498 545 est
506 514 571 546 mente
580 509 697 556 concipere?

80 558 105 593 Π.
122 557 176 592 Haec
188 559 246 602 atque
257 555 288 590 his
301 554 373 590 similia
384 551 451 590 nescio
462 556 513 591 unde
525 556 659 592 indesinenter
670 556 734 592 animo
742 556 832 591 volutans

1 635 3 638 .
35 607 128 651 perpetuo
137 613 212 654 semper
220 612 305 637 moerore
314 600 412 636 atteiebar
419 600 440 635 in
448 605 529 645 tanturn,
538 606 560 636 ut
568 603 661 649 pallerem
669 613 692 637 ac
700 602 831 637 tabescerem:

4 657 6 689 ς
35 654 54 686 et
63 649 113 695 quod
122 659 257 695 gravissimum
265 650 315 691 erat,
328 646 344 681 si
353 645 429 692 quando
437 646 505 682 harum
514 658 578 683 rerum
586 648 739 683 sollicitudinem
747 647 832 683 abiicere

0 689 6 705 ¹
34 700 126 741 tanquam
134 705 204 728 vanam
213 692 328 739 cogitarem,
341 691 474 727 vehementius
483 693 543 728 multo
552 704 582 728 me
590 693 690 739 premebat
698 693 786 728 affectus.
806 692 832 728 Et

0 743 6 786 ξ
35 753 77 777 eam
88 751 128 775 rem
139 739 220 775 moleste
232 738 318 774 ferebam
329 737 428 782 nesciens,
442 738 494 784 qued
505 738 663 774 contubernalem
674 739 766 774 haberem
776 750 831 785 prae-

4 783 7 826 }
36 788 106 822 claram
120 784 267 833 cogitationem,
282 796 331 830 quae
343 784 494 819 immortalitatis
507 783 555 818 mihi
566 796 625 820 causa
637 784 721 828 exstitit,
733 788 755 819 ut
763 788 832 830 postea

1 847 6 869 r
36 844 60 867 ex
66 842 129 866 rerum
139 830 192 866 exitu
200 830 277 877 agnovi,
287 834 307 865 et
314 829 357 865 Deo
367 834 479 865 cunctorum
488 829 576 865 effectori
584 830 657 876 gratias
667 829 704 877 egi.
725 828 772 864 Cum
781 830 833 865 enim

35 877 59 913 ab
68 876 124 912 initio
132 887 163 911 me
171 876 206 911 illa
215 875 309 922 cogitatio
317 879 405 919 vexaret,
417 876 513 911 adrerum
524 875 671 921 inquisitionem
678 875 744 910 venire
754 879 832 910 coaetus

4 931 6 957 ζ
36 935 83 975 sum,
93 925 113 957 et
121 933 168 968 qnos
176 921 272 967 principio
279 932 314 967 per
322 921 451 968 ignorantiam
459 921 528 957 beatos
536 921 682 967 praedicabam,
693 924 763 967 postea
771 921 831 956 veluti

1 997 5 1018 s
35 979 114 1003 miseros
126 979 165 1002 non
176 967 251 1002 cessavi
263 967 335 1013 lugere.

81 1012 116 1047 HI.
133 1012 196 1059 Igitur
206 1023 249 1046 curn
257 1023 269 1047 a
277 1024 335 1058 puero
344 1012 364 1046 in
375 1011 485 1046 huiusmodi
497 1023 583 1047 versarer
596 1011 794 1055 considerationibus,
807 1011 832 1047 ad

35 1057 192 1105 philosophorum
203 1057 332 1092 adveniebam
344 1056 430 1100 scholas,
446 1061 468 1091 ut
480 1057 525 1092 inde
534 1057 609 1102 aliquid
617 1057 666 1092 certi
678 1057 782 1101 discerem,
798 1057 833 1092 sed

3 1129 8 1147 ,
36 1108 56 1139 et
68 1103 96 1139 sic
108 1101 158 1138 nihil
169 1102 223 1137 aliud
233 1103 257 1138 ab
271 1103 299 1137 eis
312 1102 398 1137 studiose
410 1101 448 1137 coli
460 1102 550 1137 videbam
562 1113 619 1147 quam
634 1102 746 1149 dogmatum
759 1102 833 1137 destru-

6 1179 9 1191 ,
37 1149 111 1184 stiones
120 1151 140 1183 et
148 1148 300 1191 adstructiones,
310 1147 482 1191 contentionesque
492 1150 511 1182 et
520 1147 677 1193 syllogismorum
685 1146 769 1182 artificia
778 1147 833 1182 item-

1 1192 9 1238 j‘
36 1205 73 1240 qne
85 1192 214 1239 sumptionunr
226 1192 390 1244 excogitationes,
407 1195 426 1226 et
437 1192 541 1243 aliquando
553 1192 631 1238 quidem
642 1192 768 1238 praevalebat
779 1193 833 1228 verbi

37 1239 108 1286 gratia,
117 1238 168 1284 quod
177 1237 241 1273 anima
249 1237 362 1273 immortalis
371 1237 406 1280 sit,
419 1237 523 1283 aliquando
532 1249 577 1273 uero
586 1238 637 1284 qnod
645 1237 737 1273 mortalis.
757 1237 783 1273 Et
792 1238 833 1284 qui-

5 1326 7 1329 ,
37 1286 80 1320 dem
93 1283 170 1329 quando
185 1294 208 1318 ea
222 1283 296 1329 opinio,
312 1294 360 1329 quae
375 1283 459 1318 animum
473 1282 522 1318 facit
535 1283 671 1328 immortalem,
687 1283 773 1330 superior
785 1288 832 1328 erat,

1 1341 8 1379 χ
37 1330 154 1379 gaudebam,
167 1329 242 1375 quando
255 1332 320 1364 autem
332 1340 363 1373 ea,
377 1340 425 1375 quae
437 1329 539 1364 mortalem
551 1334 626 1374 censet,
641 1341 726 1365 moerore
735 1329 833 1365 afficiebar

6 1390 8 1416 ς
36 1386 147 1422 rursumque
158 1374 221 1421 magis
234 1374 318 1410 animum
330 1374 483 1421 despondebam,
497 1375 548 1421 quod
558 1387 594 1411 nec
603 1376 704 1421 utriusque
712 1375 773 1422 partis
782 1376 833 1422 quis-

2 1425 8 1449 ἰ
36 1422 88 1469 piam
97 1424 180 1456 mentem
189 1431 251 1456 meam
259 1423 337 1467 poterat
346 1419 463 1456 confirmare.
481 1420 566 1456 Tantum
574 1421 716 1469 intelligebam,
726 1422 833 1457 sententias

1 1477 8 1504 ‘z
38 1467 209 1503 controversiarum
220 1478 254 1512 pro
265 1466 338 1501 viribus
349 1470 513 1513 propugnatorum
524 1467 556 1502 rel
567 1467 627 1503 falsas
639 1468 671 1503 vel
678 1478 733 1502 veras
745 1467 833 1512 iudicari,

37 1525 75 1548 non
83 1524 128 1548 uero
139 1514 195 1558 prout
207 1511 260 1557 ipsae
270 1523 290 1546 se
302 1511 376 1547 habent
387 1513 407 1547 in
419 1523 440 1547 se
450 1512 498 1558 ipsis
509 1524 576 1548 revera
588 1512 729 1559 comprehendi.
753 1512 834 1559 Propter

38 1558 89 1605 quod
96 1558 140 1604 plus
149 1557 212 1592 adhue
221 1557 242 1592 in
250 1558 329 1604 negotio
338 1558 451 1593 aestuabam
460 1558 581 1594 dubitatione
590 1570 613 1594 ac
622 1570 645 1594 ex
654 1558 729 1594 animae
737 1558 833 1605 profundo

38 1604 143 1651 gemebam.
163 1602 231 1649 Neque
240 1603 291 1638 enim
300 1603 323 1638 de
331 1603 442 1639 huiusmodi
450 1615 514 1639 curam
522 1603 604 1640 reticere
612 1608 707 1650 poteram,
720 1604 768 1639 licet
775 1605 833 1640 ualde

38 1660 136 1696 cuperem,
147 1652 169 1683 ut
180 1648 219 1683 iam
231 1660 287 1695 supra
298 1649 393 1693 indicavi,
406 1661 468 1694 neque
481 1648 555 1684 firmum
567 1650 614 1695 quid
624 1650 713 1685 valebam
723 1650 812 1685 retinere.

83 1694 116 1730 IV,
133 1694 205 1729 Iterum
219 1705 265 1741 ergo
279 1694 375 1741 angustiis
390 1694 525 1730 haesitationis
537 1706 615 1740 pressus
629 1695 717 1730 dicebam
728 1695 780 1741 apud
791 1707 832 1731 me:

38 1740 89 1782 Quid
97 1739 181 1775 inaniter
188 1739 263 1782 laboro,
276 1751 319 1774 eum
327 1739 430 1775 manifesta
439 1741 464 1775 sit
472 1739 517 1775 res?
532 1740 606 1782 Quodsi
614 1740 692 1787 quidem
699 1744 744 1787 post
752 1745 833 1777 mortem

0 1820 2 1823 ,
37 1798 76 1821 non
84 1797 125 1828 ero,
137 1796 187 1819 nune
196 1785 272 1830 quando
281 1797 322 1819 sum
331 1785 441 1820 contristari
448 1797 487 1820 non
496 1790 576 1832 oportet.
596 1786 691 1828 eroeirca
698 1786 800 1822 tristitiam
808 1787 834 1822 ad

8 1850 10 1863 i
37 1831 87 1866 illud
98 1834 173 1876 tempus
183 1829 294 1872 reservabo,
310 1841 346 1876 quo
359 1842 402 1865 cum
410 1830 485 1866 futinus
501 1843 540 1867 non
555 1831 590 1866 sim
601 1843 641 1867 nou
655 1831 788 1867 contristabor.
813 1832 834 1868 Si

0 1975 1 1978 Ἴ
7 1950 11 1973 t

0 1886 2 1888 ’
38 1880 103 1912 autem
110 1875 160 1910 forte
169 1886 209 1919 ere,
220 1886 252 1910 cur
260 1875 308 1909 mihi
315 1887 366 1911 nrmc
375 1876 470 1922 superflue
479 1877 531 1912 inest
538 1876 633 1912 tristitia?
649 1876 757 1923 Statimque
765 1881 834 1924 postea

6 1928 11 1948 t
38 1922 77 1957 alia
85 1932 115 1956 me
125 1920 184 1955 subiit
194 1920 293 1967 cogitatio.
316 1920 413 1957 Dicebam
421 1923 501 1968 quippe:
522 1922 553 1958 Ne
567 1922 617 1958 forte
630 1922 658 1958 ibi
670 1923 736 1969 peiora
748 1934 770 1958 eo
782 1924 835 1969 quod

7 1976 11 1998 s
37 1978 67 2002 me
77 1966 150 2002 cruciat
160 1965 232 2011 patiar,
246 1966 263 2000 si
270 1977 309 2001 non
319 1967 384 2002 uixero
392 1967 434 2013 pie,
443 1980 466 2003 ae
475 1968 580 2003 seeundum
587 1968 704 2015 quorrmdam
710 1968 834 2014 philosopho-

6 2038 8 2043 ,
37 2025 78 2047 rum
90 2010 197 2047 sententias
209 2011 274 2046 tradar
284 2011 468 2060 Pyriphlegethonti
479 2017 499 2048 et
510 2013 601 2058 Tartaro,
614 2014 773 2060 quemadmodum
782 2014 834 2061 Sisy-

37 2057 87 2138 flhus
95 2058 127 2093 vel
135 2057 206 2102 Tityus
214 2057 247 2092 uel
255 2056 311 2092 Ixion
316 2058 348 2093 vel
355 2057 461 2103 Tantalus,
470 2062 528 2105 atque
534 2059 554 2094 in
562 2059 637 2094 inferno
645 2062 744 2094 aeternum
752 2059 834 2105 puniar?

55 2115 110 2138 ursus
119 2106 183 2138 autem
192 2102 313 2148 excipiebam
321 2103 398 2138 dicens:
410 2103 434 2139 In
440 2116 472 2147 re,
481 2116 530 2151 quae
538 2105 612 2140 ineerta
621 2108 656 2148 est,
665 2105 726 2139 tutius
734 2106 795 2141 multo
804 2110 835 2141 est

38 2160 68 2184 me
79 2148 111 2194 pie
124 2148 189 2183 virere
202 2151 221 2182 et
232 2148 343 2194 uoluptates
355 2150 439 2195 corporis
450 2150 535 2193 vincere,
551 2150 637 2196 quamuis
646 2150 735 2185 absolute
747 2154 767 2185 et
782 2155 834 2187 certo

7 2234 8 2239 ¹
37 2194 132 2274 pleneque
143 2205 182 2229 non
195 2192 263 2237 seiam,
277 2193 368 2239 quidnam
382 2195 453 2230 iustum
465 2195 491 2230 sit
502 2207 525 2231 ae
532 2195 576 2231 Deo
588 2199 672 2243 gratum,
684 2207 721 2231 nec
728 2199 792 2232 utrum
800 2197 835 2232 im-

38 2243 100 2276 morta
109 2240 125 2274 is
135 2239 161 2274 sit
169 2238 233 2274 anima
242 2250 266 2275 an
274 2240 366 2275 mortalis.

7 2348 9 2360 l

7 2362 9 2400 ξ
38 2361 71 2394 rici
80 2361 105 2394 ed.
114 2360 244 2409 alita—2)
256 2364 422 2411 dyouwudumL—
452 2367 836 2404 Oleiteimendumaa&minodaltat—

39 2403 58 2450 3)
75 2404 144 2440 τούτου
155 2411 176 2442 A.
191 2429 215 2434 —-
230 2408 249 2456 4)
265 2404 394 2458 yicrfquopa‘uqu
409 2414 421 2447 C
450 2411 469 2458 8)
479 2410 566 2459 ὁποτέρω
575 2418 631 2454 ruga,
641 2413 736 2460 ὁπότερον
749 2418 775 2454 εἰς
782 2417 834 2449 Hom.

38 2452 99 2504 melius
107 2463 145 2485 oum
153 2455 268 2489 Humiliarum
279 2458 340 2490 Codice
350 2460 421 2492 Ottobo-
449 2460 461 2492 l.
470 2470 491 2501 o,
501 2456 597 2503 ὁπότερόν
605 2474 622 2494 τι
630 2462 643 2494 0
650 2462 777 2505 nostraeEpit,
785 2459 834 2495 ὁπο-

0 2507 9 2527 1*
39 2508 90 2530 niano
98 2501 198 2551 et'utroqne
210 2502 271 2535 Codice
282 2504 379 2546 prolixioris
390 2516 421 2537 no·
450 2506 508 2546 τέρως
516 2518 544 2544 τις
552 2503 835 2551 atap.Cot—9b'do'uawa—

39 2547 83 2576 strae
91 2544 242 2593 Eprtomes.-5)
250 2546 375 2594 εὐχαρίστησα
383 2551 403 2582 Α.
450 2548 472 2583 10
494 2548 638 2593 agitanci)
651 2556 667 2585 et
682 2553 703 2585 al.
719 2564 746 2597 ap.
761 2554 797 2587 Cot.
812 2573 836 2578 -

74 2590 154 2634 CapIH.
178 2589 196 2638 l)
212 2592 232 2634 ἐν
246 2592 322 2632 τούτοις
340 2591 366 2627 ὢν
381 2598 421 2633 τοῖς
449 2593 472 2628 11
489 2593 568 2643 diffl-

2 2641 4 2647 ⁴
39 2635 140 2680 λογισμοῖς
147 2639 186 2671 BD.
194 2658 218 2663 —
225 2636 244 2684 2)
251 2636 275 2678 ὥς
282 2642 352 2673 τιΑ.-
359 2636 378 2685 3)
384 2653 421 2687 μα-

0 2691 6 2704 »
39 2682 421 2731 citramarinas—4)foronov—
484 2685 837 2736 -oap.1v,1)0tuABoD.—2)zt

41 2725 422 2776 occtopsvovaaouetatapeot.;om.
451 2733 707 2781 νῦνὲκπερισσοῦμοιΒΟ,
721 2737 767 2770 deest
775 2738 835 2784 potin

39 2774 423 2826 utrqmqueHom.I,3etnostraEpit.—
451 2777 835 2827 Β.-3)μη’τοι.Α.-4)ἰκεῖσεποιή-
868 2801 871 2807 ·

0 2824 10 2860 ᾖ
40 2813 423 2870 0)6913AB(inqnofnissevideturioac)
453 2836 511 2873 σομαι,
526 2828 549 2868 A,
572 2826 632 2861 ἐκεῖσε
648 2831 739 2862 πείσομαι
757 2829 794 2862 OD.
811 2847 835 2852 —

7 2898 8 2908 2
39 2863 61 2903 D,
71 2863 118 2908 ἕρεις
126 2865 144 2906 C,
152 2867 204 2899 Hom.
212 2869 223 2901 l.
232 2879 251 2910 e.,
260 2870 371 2913 nostraEpit.
379 2872 423 2904 etul.
452 2869 471 2916 5)
483 2869 585 2906 ἀκίνδυνόν
594 2875 613 2906 Β.
629 2892 653 2896 —
668 2870 687 2918 6)
698 2864 779 2919 riudazer
789 2871 835 2919 (cum

41 2918 67 2951 ap.
77 2910 113 2942 Cot.
121 2929 144 2934 —
153 2908 171 2956 6)
184 2912 257 2951 ἐννοίας
264 2915 284 2946 Β.
292 2932 316 2938 -
324 2911 342 2959 l)
355 2915 424 2958 Corrige
452 2918 485 2950 isto
494 2915 572 2963 accentu)
582 2919 600 2952 Ο.
608 2937 632 2942 -
639 2915 658 2964 7)
667 2918 690 2952 οὗ
697 2922 717 2952 Α.
