1824 3065
92 146 134 187 312
295 158 314 188 r.
325 153 462 188 ivmsranur
470 151 599 184 annornm.
610 151 681 183 enrrr.

95 257 165 303 aliquis
183 257 274 303 scriptum
290 254 358 289 fuisse:
376 253 397 289 τὸ
413 257 486 294 νοεῖν,
503 251 532 287 ὅτι
542 253 587 286 cett.
614 248 652 284 cfr.
664 262 682 296 p.
693 249 771 296 379,17,
790 264 808 298 p.
819 254 858 303 381,
869 260 884 306 2,
909 254 912 298 J

92 315 111 349 p.
119 303 160 347 4113,
169 303 197 338 13.
573 341 577 348 ,
694 340 698 347 ,
803 342 807 349 Ι
828 343 831 351 Ι
910 331 912 346 3

139 347 161 383 P.
168 347 208 392 378,
217 348 228 382 3
237 358 263 392 sq.
272 344 366 379 habemns
374 343 444 386 iocum,
454 341 506 388 quod
514 353 550 389 ego
559 341 641 386 videam,
649 340 736 386 pbrribus
744 341 818 376 mendis
826 348 884 392 inqui.

94 397 161 429 natnm
169 392 253 427 huncce:
262 388 321 435 Πλήν,
331 389 355 429 ὠς
363 390 414 438 έηης,
422 388 431 424 ὁ
441 387 523 433 πονηρὸς
531 393 569 433 εἴγε
576 385 654 433 γενητός
662 388 718 427 ἔστιν,
729 384 740 431 ἢ
747 386 772 426 ὡς
781 389 827 428 ζαῖον
833 397 884 439 γεγε.

95 454 154 484 γηται,
162 437 174 483 ἢ
183 437 280 476 οὐσιωδιῦς
292 435 322 471 ὑπ’
333 435 391 471 αὐτοῦ
399 437 529 481 προβέβληται,
538 432 549 479 ἢ
558 433 592 472 ἔξω
600 436 695 481 κέκραται,
708 430 719 477 ἢ
731 433 754 480 τῇ
765 431 828 478 κράσει
839 449 884 484 σαμ.
910 472 911 475 ,

94 489 169 531 βέβηκεν
176 481 253 526 αὑτοῦὴ
263 485 377 531 προαίρεσις,
388 480 399 526 ἢ
407 479 451 517 ἄνευ
459 479 541 528 κράσεως
548 481 579 516 καὶ
589 481 637 516 Θεοῦ
645 480 713 524 βουλῆς
723 481 789 523 συνέβη
797 484 884 527 γενέσθω

95 533 114 571 ἐξ
122 529 155 565 οὐκ
164 527 229 571 ὅντων,
238 526 297 576 *ri-dud
308 529 357 565 Θεοῦ
365 529 384 563 ἐκ
393 528 427 563 τοῦ
434 528 514 575 μηδαμῆ
521 526 713 574 μηδαμῶςςγέγονεν,
728 521 739 567 ἢ
748 522 800 564 {arde
808 529 830 570 ἡν
840 532 885 565 Θεοῦ

95 574 146 622 ἡῦλη
154 574 227 623 ἄψυχος
236 571 302 618 odorari
311 573 397 621 ἔμψυχος
406 571 452 609 ὅθεν
465 576 551 620 γέγονεν,
563 570 574 617 ἢ
587 569 654 607 ἑαυτὸν
666 567 814 619 δημιουργήσας,
826 569 837 615 ἢ
849 572 884 611 tut

97 623 145 659 Θεοῦ
152 619 242 667 γεγονώς,
255 617 266 664 ἢ
275 620 313 656 τῶν
322 617 371 663 πρὸς
378 624 398 655 τί
405 620 462 660 ἔστιν,
471 617 483 663 ἢ
492 622 529 655 αἰεὶ
541 617 568 662 ἧν.
592 615 618 651 Et
629 615 716 667 primurn·
723 615 801 661 quidem
814 615 885 655 dubita-

94 666 159 707 verim,
168 677 213 700 num
221 664 332 701 Dresselius
339 666 383 712 jure
396 664 504 710 scripserit:
522 669 559 711 εἴγε
573 661 658 710 γενητός,
673 661 761 697 codicem
773 659 796 712 Οι
805 667 885 710 secutus,

93 711 233 760 porrigentem:
246 709 373 757 ἢγεγενητός,
387 709 438 756 quod
449 709 496 744 mihi
504 710 582 756 quidem
589 708 655 754 potius
665 710 772 753 corruptum
780 718 797 741 ν]
802 707 856 744 detur
865 721 886 745 ex

95 763 111 795 εἰ,
118 757 201 805 γενητός,
211 768 260 803 quae
269 756 342 792 codicis
352 756 366 792 G
375 755 471 802 scriptura
480 759 514 790 est.
530 776 549 780 —
562 753 640 789 Deinde
649 753 746 801 ambigere
758 752 813 797 lieet,
826 758 887 792 utrum

94 815 141 839 vera
150 804 176 838 sit
185 803 257 839 eodieis
266 802 282 838 Ο
291 802 350 838 tectio
358 806 476 850 γεγέννηται,
489 813 513 836 an
522 800 594 836 codicis
604 798 619 834 C
628 800 722 846 scriptura
729 803 832 845 γεγένηται.
857 799 887 837 Sic

96 849 155 886 etiam
169 848 219 884 infra
231 861 249 895 p.
258 847 298 892 378,
310 846 465 893 receperas,
479 846 513 881 ubi
526 857 591 881 rursus
604 845 664 881 codex
677 844 691 880 Ο
702 844 762 880 habet
776 849 887 891 γεγέννηται,

97 895 138 931 eod
156 893 290 942 Ογεγένηται,
306 893 358 939 qnod
372 892 446 937 recepit
459 892 569 926 Dresselius
588 889 680 926 Cotelerii
697 893 775 925 secutus
789 890 887 936 judicium.

96 940 191 986 Equidem
200 950 238 974 non
246 938 322 982 dubito,
335 937 382 983 quin
393 941 491 985 γεγένηται
504 947 564 983 aeque
578 935 659 981 probum
672 936 697 971 sit
709 939 767 982 atque
775 940 888 983 γεγέννηται,

95 985 149 1021 Illud
157 988 221 1020 autern
229 995 264 1031 per
272 994 293 1019 se
302 983 349 1018 mihi
358 983 435 1029 quidem
443 983 534 1028 majorem
542 981 717 1017 verisimilitudinis
726 982 810 1026 speciem
818 981 888 1019 habere

95 1031 171 1066 videtur
178 1042 233 1077 quarn
240 1029 283 1064 hoe.
292 1029 359 1074 Neque
369 1028 445 1064 omnino
454 1028 491 1063 sibi
498 1032 575 1064 constat
582 1028 641 1063 codex
649 1026 670 1062 0.
682 1027 766 1071 Etenim,
776 1038 888 1074 quamquam

96 1076 154 1113 etiam
162 1088 180 1122 p.
188 1075 228 1116 493,
238 1076 259 1110 16
270 1074 340 1110 habet:
354 1079 472 1121 γεγέννηται,
486 1077 552 1109 tamen
563 1086 580 1120 p.
592 1074 632 1117 399,
644 1073 666 1108 21
681 1072 770 1120 porrigit:
787 1077 888 1120 γεγένηται,

96 1121 148 1170 quod
156 1133 167 1157 a
175 1119 276 1157 Dresseiio
284 1120 322 1166 injr
327 1120 361 1164 ria,
370 1124 392 1155 ut
401 1120 477 1166 opinor,
489 1123 582 1155 mutatum
595 1122 625 1155 est
637 1119 656 1153 in
667 1123 782 1166 γεγέννηται,
795 1119 828 1154 cfr.
838 1130 853 1154 e.
863 1132 889 1166 gr,

96 1182 114 1216 p.
123 1169 151 1211 53,
161 1166 184 1202 14
192 1178 219 1213 sq.
244 1165 336 1201 Similiter
347 1178 387 1201 non
399 1169 440 1201 erat
452 1177 486 1200 eur
494 1165 604 1201 Dresselius
616 1177 633 1211 p.
642 1165 681 1211 381,
692 1166 719 1209 12,
733 1164 805 1200 codicis
819 1163 889 1200 Oseri-

96 1217 172 1261 pturam
181 1216 309 1260 γεγενημένοιν
323 1212 448 1258 posthaberet
463 1211 535 1246 codIeis
551 1209 565 1246 C
577 1210 658 1246 lectioni
670 1214 819 1259 γεγεννημένων,
832 1222 889 1256 quum

96 1258 210 1306 praesertim
218 1271 236 1304 η.
245 1246 284 1301 383,
294 1257 315 1291 12
323 1262 405 1303 uterque
416 1257 465 1292 liber·
476 1256 617 1302 manuscriptus
626 1257 727 1302 praebeat:
741 1260 779 1292 τῶν
790 1255 821 1291 ὑπ’
831 1256 890 1292 αὐτοῦ

96 1308 232 1353 γεγενημένων,
242 1302 293 1349 quod
301 1303 395 1338 intactum
407 1302 486 1348 reliquit
495 1302 614 1346 Dresselius,
625 1305 647 1336 ut
660 1314 705 1338 sane
718 1313 779 1347 aeque
791 1300 890 1337 ferendum

97 1353 127 1386 est
139 1353 198 1395 atque
211 1349 248 1385 ῦττό
261 1361 312 1389 τινος
322 1354 417 1395 γίνεσθαι,
433 1348 484 1393 qued
491 1348 557 1393 pantio
567 1359 632 1393 supra,
645 1359 662 1392 p.
672 1347 712 1391 383,
721 1348 737 1392 5,
746 1347 825 1393 legitur.
836 1367 860 1373 —
867 1348 890 1382 In

96 1394 256 1440 rerbisprorime
265 1394 390 1439 sequentibus
399 1392 473 1438 atiquid
480 1393 602 1428 intercidisse
610 1393 734 1428 manifestum
742 1396 777 1428 est.
785 1392 863 1427 Etenim
871 1395 890 1427 et

98 1439 201 1475 dicendum
209 1443 259 1483 erat,
272 1450 284 1474 a
295 1450 377 1484 qrronam
384 1438 448 1474 Malus
459 1442 481 1473 ut
490 1439 560 1474 animal
572 1439 650 1485 genitus
660 1443 720 1482 esset,
729 1441 749 1473 et
758 1438 890 1473 demonstrant

97 1486 157 1521 verba
166 1485 197 1520 ὑπ’
206 1486 270 1527 αὐτοῦ,
278 1496 411 1531 praegressarn
421 1495 464 1519 esse
473 1495 565 1529 personae
574 1484 657 1530 alicujus
665 1484 787 1519 mentionem.
811 1482 890 1519 Scilicet

98 1530 188 1567 addenda
205 1534 249 1565 sunt
262 1530 326 1564 verbis
341 1530 365 1570 ὡς
380 1532 426 1572 ζιῦον
433 1534 529 1577 γεγένηται
541 1530 600 1565 rerba
614 1529 657 1565 ὑπὸ
667 1530 700 1565 vel
713 1528 757 1565 ἀπὸ
771 1531 813 1565 τοῦ
829 1531 890 1567 Θεοῦ.

99 1574 219 1611 Confirmant
231 1575 281 1611 hane
294 1575 410 1610 sententiam
423 1575 482 1610 etiam
490 1586 539 1620 qnae
550 1575 616 1622 paullo
627 1574 686 1621 infra,
700 1587 717 1610 v.
727 1575 749 1609 13
757 1585 791 1621 sq„
800 1575 891 1621 leguntur

97 1621 156 1657 verba
169 1622 206 1655 hue
218 1621 336 1666 spectantia:
353 1623 430 1667 πρῶτον
441 1620 522 1669 μὲνγὰρ
534 1621 543 1656 ῦ
556 1620 646 1667 πονηρός,
659 1625 675 1657 εἰ
687 1620 725 1657 ant
737 1623 772 1656 τοῦ
785 1624 833 1658 Θεοῦ
845 1622 891 1663 ζῶον

97 1670 195 1713 γεγένηται
205 1670 250 1702 cett.
276 1664 314 1701 Cfr.
329 1666 387 1701 etiam
401 1667 460 1701 rerba
472 1664 562 1710 Simonis,
578 1677 626 1711 quae
642 1666 722 1712 respicit
734 1665 813 1711 Petrus,
825 1679 843 1712 p.
851 1664 891 1711 374,

98 1715 158 1757 bsqq.
168 1714 213 1757 etp.
221 1712 260 1757 398,
270 1710 293 1745 14
303 1711 372 1756 posita.
383 1732 406 1737 -
421 1710 480 1746 Porro
493 1711 598 1759 legendum
611 1722 690 1747 censeo:
707 1715 742 1748 καὶ
754 1713 788 1751 ἔξω
799 1715 891 1760 κέκραται,

98 1761 137 1795 καὶ
145 1758 167 1802 τη
175 1756 239 1805 κράσει.
248 1760 362 1804 συμβέβηκεν
370 1757 428 1793 αὐτοῦ
440 1756 449 1801 ἡ
462 1763 576 1805 προαίρεσις.
594 1755 631 1792 Off.
641 1770 658 1803 p.
667 1756 706 1801 374,
715 1756 731 1800 7,
740 1756 780 1802 332,
790 1758 797 1791 1
808 1768 842 1803 sq,
851 1756 890 1802 403,

98 1797 167 1848 1151111.
175 1822 198 1827 —-
206 1802 238 1836 Ad
245 1801 313 1837 rerba:
323 1804 342 1838 a
350 1804 384 1838 τοῦ
392 1803 470 1852 μηδιιμη
477 1804 569 1852 μηδαμῶς
578 1802 646 1845 (ὄντος)
658 1807 741 1849 γέγονεν,
750 1812 799 1848 quae
808 1801 892 1849 genuina

100 1850 151 1891 sunt,
166 1847 200 1882 sed
215 1847 271 1882 aliter
282 1846 376 1892 capienda
388 1858 444 1893 quam
459 1852 540 1893 accepta
554 1850 599 1882 sunt
615 1848 639 1883 ab
656 1848 771 1893 interprete,
788 1847 816 1883 sic
831 1847 892 1883 latina

98 1892 193 1927 faeiente:
209 1903 233 1935 „a
246 1892 290 1926 Deo
304 1891 357 1926 nullo
371 1892 447 1937 penitus
462 1893 518 1928 niodo
532 1893 596 1929 faetus
611 1895 659 1935 esr‘,
675 1892 822 1936 eonferendum,
841 1892 892 1939 qnod

99 1936 228 1983 Philoponus,
241 1936 352 1971 Aristotelis
360 1937 464 1983 interpres,
476 1941 498 1973 ut
510 1939 530 1973 in
542 1937 600 1973 Thes.
610 1938 700 1985 Stephan.
710 1938 738 1974 ed⁴
746 1938 807 1974 Paris.
815 1938 858 1975 Vol.
868 1937 891 1983 V,

114 1982 179 2026 2364,
192 1994 205 2018 s
218 1994 235 2017 v.
258 1982 349 2031 Οὐδαμῶς
361 1982 472 2018 adnotatum
483 1984 568 2030 reperio,
582 1984 633 2020 inter
648 1985 750 2026 ῦτιουέσεις
766 1984 816 2020 hane
827 1983 891 2031 ponit:

102 2034 130 2066 Εκ
139 2030 174 2063 τοῦ
181 2029 261 2077 μηδαμῆ
268 2029 360 2075 μηδαμῶς
369 2026 423 2067 ὄντος
431 2031 491 2077 μηδὲν
499 2035 590 2076 γίνεσθαι,
599 2051 621 2056 -
629 2029 719 2077 Denique
729 2035 817 2076 corrupta
826 2030 892 2065 viden-

100 2079 131 2109 tur
139 2075 207 2109 verba:
217 2073 255 2110 ὑπὸ
266 2075 315 2110 Θεοῦ
322 2073 413 2123 γεγονώς,
419 2072 441 2107 de
450 2074 519 2119 quibus
527 2075 577 2110 infra
586 2075 718 2121 disputabitur
725 2076 749 2111 ad
755 2089 774 2122 p.
780 2076 892 2122 403,15sqq.

100 2140 123 2145 —
138 2119 161 2155 V.
179 2119 201 2154 12
213 2130 241 2165 sq.
257 2118 357 2153 Dresselio
374 2117 485 2163 recipienda
501 2124 542 2154 erat
559 2121 630 2155 codicis
647 2120 662 2155 Ο
679 2121 784 2166 scriptura:
801 2121 892 2168 ὑπέσχου.

100 2164 179 2200 Aoristo
187 2165 216 2199 uti
224 2165 273 2200 solet
280 2163 312 2198 hic
322 2163 408 2209 scriptor,
421 2163 513 2199 Attamen
521 2166 572 2200 infra
579 2178 597 2211 p.
604 2166 644 2210 395,
654 2168 664 2200 1
671 2178 699 2212 sq.
708 2170 810 2213 postquam
817 2166 891 2213 posuit:

100 2211 193 2255 ὑπέσχου,
209 2209 302 2246 orationis
316 2209 419 2244 variandae
434 2220 503 2245 caussa
517 2210 605 2246 adhibuit
619 2211 726 2257 perfectum
744 2212 853 2260 ῦιτέσχησιιι.
869 2233 892 2238 —

100 2255 124 2291 V.
132 2256 155 2290 14
166 2255 216 2290 inter
230 2259 277 2293 Θεοῦ
289 2258 309 2290 er
321 2257 367 2297 ζῶον
379 2253 451 2290 excidit
462 2254 495 2296 ὡς,
509 2255 541 2291 cfr.
550 2268 567 2291 v.
576 2256 591 2300 3,
605 2269 622 2302 p.
632 2258 671 2303 374,
680 2259 696 2302 6,
705 2257 745 2302 398,
755 2258 781 2294 14.
807 2257 892 2294 Subinde

101 2300 225 2336 scribendum
234 2303 282 2335 erat:
291 2302 324 2345 τῆς
332 2300 387 2346 αὐτῆς
396 2301 426 2347 τῷ
438 2299 526 2348 rap-0194),
532 2305 596 2337 λοντι
607 2309 669 2343 κακίας
681 2302 773 2351 τυγχάνει,
782 2307 805 2338 ut
813 2303 893 2351 linguae

100 2346 144 2383 usui
157 2344 267 2381 satisfieret.
291 2344 318 2380 At
328 2345 364 2381 hac
377 2346 495 2381 correctione
502 2346 579 2381 minime
586 2348 626 2393 jam
636 2348 723 2394 perfecta
731 2349 769 2384 loci
778 2349 892 2385 emendatio.

101 2391 148 2434 Quis
157 2403 196 2427 non
210 2390 296 2426 offendat
310 2390 331 2425 in
342 2403 389 2427 voce
404 2391 477 2432 anana?
496 2391 600 2427 Praeterea
609 2393 700 2440 displicet
707 2394 830 2441 participium
838 2406 893 2442 prae-

101 2437 162 2473 sentis
176 2435 294 2483 προβάλλων,
311 2438 437 2482 exspectabas
456 2438 522 2473 aoristi
538 2438 666 2484 participium.
692 2439 781 2475 Genuina
797 2441 894 2486 scriptura

101 2487 165 2520 exstat
174 2484 223 2526 loco,
232 2481 265 2528 qui
273 2485 302 2516 est
310 2493 328 2527 p.
336 2482 375 2527 399,
384 2483 400 2527 2,
412 2482 437 2517 ad
444 2482 505 2527 hune,
514 2483 538 2519 de
547 2494 584 2529 qno
595 2483 678 2530 agimus,
686 2484 793 2529 referendo,
802 2486 836 2522 ubi
844 2486 892 2522 haee

100 2526 298 2574 reperiunturverba:
310 2547 334 2552 —
347 2527 356 2562 ὁ
369 2528 459 2575 πονηρός,
471 2533 487 2565 εἴ
497 2529 535 2565 art
547 2531 582 2565 τοῦ
595 2533 643 2567 Θεοῦ
653 2535 770 2578 γεγέννηται,
784 2531 894 2573 ἀκολούθως

101 2577 134 2619 της
142 2575 199 2619 αὐτῆς
209 2576 241 2619 τῷ
255 2571 398 2621 προβαλόντι
410 2573 496 2620 τυγχάνει
506 2576 574 2610 οὐσία
579 2589 593 2615 ς.
607 2574 645 2611 Ct'r.
655 2578 712 2611 etiam
720 2589 738 2622 p.
747 2576 787 2621 379,
796 2577 812 2612 9.

146 2619 168 2656 P.
176 2619 216 2662 379,
224 2621 235 2654 1
244 2618 312 2665 procul
322 2617 379 2653 dubio
387 2629 433 2654 vera
442 2622 471 2654 est
481 2618 571 2655 Cotelerii
581 2622 691 2667 conjectura
703 2621 729 2664 tin
738 2633 794 2669 quarn
803 2634 839 2670 ego
848 2634 893 2669 quo-

102 2676 139 2700 tue
150 2664 226 2712 incidi),
239 2668 284 2711 post
298 2663 383 2710 ῦγαβοῦς
393 2663 515 2700 inserendum
527 2676 569 2700 esse
582 2667 688 2702 censentis:
703 2680 723 2703 τε
734 2672 764 2703 καὶ
775 2668 846 2709 κακούς.
863 2668 893 2715 (In

121 2711 196 2745 ressetii
207 2710 292 2745 editione
305 2709 434 2744 adnotationis
447 2711 559 2757 signumad
573 2712 688 2747 vocabulum
696 2711 786 2760 ἀγαθούς,
801 2714 853 2760 quod
863 2716 893 2749 est

102 2767 119 2791 v.
127 2756 144 2798 1,
156 2756 255 2801 pertinens
265 2765 367 2801 perperam
375 2754 401 2789 ad
408 2766 425 2788 r.
436 2754 452 2799 2,
463 2755 498 2790 ubi
508 2756 559 2791 idem
570 2758 686 2792 vocabulum
693 2757 772 2804 legitur,
783 2759 894 2805 appositum

103 2804 145 2841 est).
168 2800 271 2837 Praeterea
279 2812 314 2847 pro
324 2800 466 2847 προβάλλονταςΙ
472 2801 593 2837 scribendum
600 2802 687 2838 videtur:
698 2804 862 2850 προβαλόντας,
871 2808 893 2838 ut

101 2846 134 2881 ν,2
143 2848 162 2880 et
170 2847 235 2891 paullo
245 2840 400 2893 supi-rip.373,16
409 2846 543 2892 etlipositum
550 2849 580 2883 est
588 2851 622 2883 aut
630 2848 697 2884 aoristi
705 2852 739 2884 arat
745 2848 828 2895 perfecti
835 2849 894 2896 parti-
