1827 3065
350 130 455 164 arraona
467 129 543 163 ruma.
819 117 847 161 39

58 241 95 277 unt
103 235 178 273 obviam
186 244 225 268 non
232 230 290 279 pauci
298 228 376 267 finitimi
388 241 411 266 ac
422 240 446 265 ex
454 228 506 277 Tyro
514 230 558 277 ipsa
569 228 677 276 complures
685 231 705 264 et
713 228 848 264 acclamabant

67 287 71 294 '
118 292 148 317 es:
164 278 218 314 Deus
230 289 265 324 per
276 280 296 312 te
307 275 369 312 nostri
380 274 501 321 misereatur,
517 288 552 323 per
565 279 585 311 te
600 286 635 310 nos
648 277 707 310 curet.
731 273 789 310 Stans
801 285 847 322 ergo

69 343 78 367 c
88 341 118 364 rus
127 327 147 362 in
155 324 231 360 excelso
240 323 311 370 lapide,
320 325 342 357 ut
350 320 438 358 omnibus
444 326 511 368 posset
519 333 562 358 esse
571 320 697 368 conspicuus,
708 323 811 367 postquam
818 332 847 356 re—

61 376 121 425 igioso
129 381 180 408 more
189 370 300 413 salutasset,
308 369 337 404 ita
345 379 422 404 exorsus
432 372 468 405 est:

96 429 147 465 LIV.
165 427 209 463 Deo
218 426 313 463 conditori
322 425 381 470 caeli,
393 428 455 461 terrae
464 437 487 462 ac
494 426 552 461 maris
564 437 603 461 non
612 425 668 460 deest
676 423 754 460 occasio
763 424 788 461 ad
796 424 847 461 salu-

62 491 91 516 em
99 486 172 517 eorum,
185 472 218 519 qui
226 471 298 507 seruari
307 472 397 517 cupiunt;
408 474 474 517 potest
483 472 561 508 enimet
570 471 644 507 animas
652 473 729 506 nostras
738 474 758 506 et
768 482 847 516 corpora

117 533 132 556 e.
155 518 219 554 Audio
227 518 304 564 utiquc,
318 517 414 554 Simonem
425 529 502 566 magum
512 518 562 554 bove
574 519 659 554 mactato
673 515 783 552 convivium
790 516 846 552 vobis

112 566 142 601 dio
150 565 191 601 foro
201 564 278 607 dedisse
287 575 310 600 ac
318 564 363 599 vino
371 563 432 599 multo
441 564 527 611 expletos
535 563 651 611 perniciosis
659 561 731 598 morbis
740 574 763 598 ae
772 562 847 598 daemo-

135 610 230 646 *didisse
254 609 281 644 At
296 613 348 646 certe
363 608 414 645 sicut
428 609 525 656 perceptis
537 608 648 652 sacrificiis,
661 619 710 655 quae
722 607 847 644 daemonibus

78 657 206 701 latafuerant,
217 655 306 693 malitiae
311 655 357 691 duci
364 655 435 691 servire
444 655 507 691 coacti
515 655 569 700 estis,
578 655 606 691 ita
614 655 631 690 si
637 654 661 690 iis
669 653 744 690 relictis
753 653 848 690 adDeum

53 718 86 754 per
97 703 193 739 dominum
203 705 290 738 nostrrmr
301 701 365 738 lesum
377 700 474 737 Christum
486 701 608 737 accesseritis
613 700 718 759 ,lprofecto
731 699 802 736 scitote
812 711 847 736 vos

54 763 95 787 cum
104 747 187 794 corporis
196 747 279 783 sanitate
288 748 347 783 etiam
355 747 429 783 animas
441 758 498 783 sanas
505 746 605 783 habitu-os
618 758 661 783 esse
668 746 712 782 Deo
720 745 795 792 placita
803 758 847 782 con-

65 794 150 832 cctando.
177 793 267 829 Ceterum
278 793 321 829 Deo
332 794 406 840 placita
418 797 462 828 sunt
474 803 517 828 eum
528 792 611 840 precari,
627 792 770 827 daemoniorum
780 803 847 827 mensa

54 840 158 883 abstinere,
171 839 284 886 sanguinem
295 851 335 875 non
346 839 442 886 attingere
455 850 490 874 seu
500 842 589 886 gustare,
602 839 626 875 ab
638 837 689 873 omni
701 838 847 885 inquinamento

62 885 185 922 mmaculatos
198 896 218 920 se
230 896 351 929 conservare,
367 885 388 920 in
400 884 467 920 multis
483 884 593 930 corporibus
604 896 643 920 una
657 887 722 920 mente
734 884 846 932 gradientes

55 930 104 977 quod
111 930 241 976 uuusquisque
250 930 288 966 sibi
296 931 344 975 vult,
351 930 371 965 id
380 933 400 966 et
408 930 432 966 de
438 929 523 976 proximo
531 930 617 977 cogitare
623 942 647 966 ac
653 941 728 976 cupere.
743 928 779 965 Ait
786 930 846 965 enim:

54 978 97 1013 uon
104 976 133 1011 vis
142 975 239 1011 interfici?
247 979 269 1011 tu
277 976 358 1012 alterum
365 988 404 1012 non
410 975 525 1020 interficiam
536 988 575 1011 non
585 976 614 1011 vis
626 987 704 1012 rixorem
712 979 766 1011 tuam
774 975 798 1011 ab
807 974 846 1011 alio

55 1020 185 1067 constuprari?
205 1021 284 1057 alterius
299 1026 379 1067 nuptam
393 1032 417 1056 ne
431 1025 544 1067 constupra3
558 1033 598 1057 non
612 1021 641 1056 vis
656 1020 755 1068 quidpiam
769 1021 846 1057 omnino

59 1079 114 1103 erum
121 1071 196 1102 tuarum
204 1067 255 1103 furto
263 1066 346 1103 auferri?
355 1066 404 1102 nihil
412 1067 491 1103 alterius
500 1067 568 1102 furare.
586 1065 651 1113 Atque
659 1069 688 1102 ita
696 1078 720 1102 ex
727 1065 783 1102 vobis
791 1066 846 1112 ipsis,

55 1112 105 1160 quod
112 1112 183 1149 rationi
192 1116 342 1149 consentaneum
351 1116 386 1157 est,
396 1112 531 1159 intelligentes
543 1123 567 1148 ac
575 1111 684 1149 consectati
691 1111 735 1147 Deo
744 1111 784 1147 cari
793 1111 847 1147 eritis

57 1162 76 1194 et
85 1159 188 1194 sanitatem
196 1159 330 1204 assequemini.

99 1214 140 1252 LV.
157 1215 212 1251 Haec
221 1215 297 1251 aPetro
304 1215 372 1262 paucis
381 1214 449 1250 diebus
458 1213 531 1258 edocti,
545 1212 615 1249 deinde
627 1216 647 1250 et
655 1214 774 1251 curationem
781 1213 849 1262 adepti

55 1262 79 1298 ad
87 1273 162 1297 sacrum
168 1260 285 1307 baptismrmr
294 1263 423 1297 accesserunt.
447 1259 500 1302 Quae
512 1271 555 1295 cum
567 1258 642 1296 Sidonii
652 1260 766 1305 audiissent,
776 1261 848 1307 suppli-

55 1311 129 1343 caturos
141 1307 166 1342 ad
176 1306 255 1342 Petrum
265 1306 358 1342 miserunt
370 1309 390 1341 et
401 1305 512 1342 acciverunt
527 1316 570 1341 eum
584 1305 609 1341 ad
623 1318 654 1351 se,
669 1307 714 1352 quia
727 1317 796 1354 nempe
809 1306 848 1354 ipsi

54 1357 131 1400 propter
142 1352 217 1388 morbos
230 1351 255 1387 ad
266 1352 322 1387 illum
335 1351 401 1388 venire
415 1363 455 1387 non
465 1354 560 1398 poteraut.
586 1351 650 1399 Igitur
663 1352 732 1388 Petrus
745 1356 848 1399 postquam

54 1410 124 1445 paucos
134 1397 175 1433 dies
185 1398 233 1444 Tyri
241 1401 367 1433 commoratus
376 1401 428 1433 esset
440 1396 550 1443 morbisque
561 1398 669 1445 omnigenis
681 1409 714 1434 eos
725 1398 849 1434 liberavisset

56 1448 75 1479 et
86 1443 204 1479 instituisset
216 1442 319 1479 eeclesiam
330 1446 388 1490 atque
400 1442 553 1489 expresbyteris
565 1443 652 1490 quicum
667 1443 797 1491 sequebantur
809 1443 848 1490 epi-

55 1501 132 1536 scopum
145 1488 193 1535 ipsis
207 1488 351 1534 constituisset,
370 1487 460 1524 Sidonem
474 1487 572 1534 profectus
591 1493 625 1525 est.
655 1489 768 1536 Rursusque
782 1488 848 1525 Simon

55 1546 121 1582 magus
130 1537 236 1581 comperto,
244 1534 283 1570 iam
291 1535 395 1571 adventare
404 1533 492 1578 Petrum,
499 1533 550 1570 ultro
558 1534 636 1583 aufugit
643 1539 663 1571 et
671 1535 696 1572 ad
703 1535 798 1583 Berytum
806 1547 849 1572 cum

55 1578 143 1627 Appioue
152 1580 231 1626 eiusque
240 1580 298 1616 sociis
308 1592 328 1616 se
337 1580 424 1616 contulit.
477 1615 479 1617 .

100 1624 150 1661 LVI.
170 1624 259 1661 Ceterum
267 1625 301 1661 ubi
308 1626 378 1662 Petrus
384 1625 475 1662 Sidonem
481 1626 580 1675 ingressus
589 1629 625 1671 est,
633 1627 704 1662 multos
712 1626 733 1662 in
740 1626 798 1662 lectis
804 1638 848 1679 por-

55 1673 143 1707 taverunt
154 1683 178 1707 ao
189 1671 209 1706 in
221 1675 327 1725 conspeetu
337 1671 379 1708 eius
401 1676 496 1708 osuerunt.
519 1670 547 1707 At
554 1672 623 1707 Petrus
635 1673 660 1707 ad
671 1683 704 1707 eos
712 1671 743 1708 Ne
751 1673 848 1707 existime-

55 1717 86 1761 tis,
95 1717 166 1763 inquit,
178 1728 208 1752 me
219 1717 293 1763 aliquid
303 1728 360 1771 posse
371 1685 522 1761 adcurationem
528 1721 622 1761 uestram,
631 1717 664 1763 qui
673 1729 714 1753 sum
722 1717 764 1764 ipse
773 1728 848 1764 quoque

55 1761 110 1798 homo
123 1762 209 1798 mortalis
222 1774 245 1798 ac
253 1764 319 1798 multis
327 1762 484 1815 perpessionibus
495 1763 599 1807 obnoxius3
612 1764 680 1799 docere
691 1766 756 1799 autem
766 1774 800 1798 vos
809 1774 848 1798 mo-

56 1807 109 1852 dum,
123 1819 160 1853 quo
175 1807 223 1843 salvi
231 1819 274 1843 esse
287 1808 386 1854 poteritis,
400 1820 439 1844 non
453 1809 553 1861 gravabor,
567 1811 635 1861 utpote
646 1807 680 1855 qui
693 1809 736 1855 ipse
750 1819 825 1861 quoque
837 1819 849 1843 a

2 1889 6 1894 Ἰ,
57 1851 132 1888 Christo
143 1853 222 1889 edoctus
235 1852 271 1888 sim
282 1856 302 1889 et
314 1852 420 1900 discipulus
431 1853 479 1890 bom
486 1854 539 1889 illius
548 1855 660 1890 exstiterrm.
683 1853 738 1890 Haec
749 1857 770 1889 et
778 1853 849 1889 Sidone

56 1897 111 1935 Petro
124 1899 217 1934 suadente
229 1898 253 1934 iis
265 1898 298 1945 qui
309 1903 443 1943 convenerant,
457 1911 500 1936 cum
511 1899 579 1947 paucis
591 1899 660 1936 diebus
670 1899 727 1935 multi
738 1899 767 1935 ibi
775 1910 850 1946 quoque

56 1943 175 1990 poenitentia
184 1944 238 1981 ducti
249 1944 333 1981 firissent
341 1957 364 1981 ae
377 1945 514 1991 credidissent,
527 1945 573 1981 dein
581 1948 601 1981 et
609 1945 693 1982 sanitate
703 1945 770 1982 donati
778 1948 849 1989 essent,

1 1994 2 1997 ’
57 1990 158 2026 eeclesiam
166 1990 259 2037 instituit,
268 1995 288 2028 et
294 1994 396 2045 postquam
401 1992 486 2038 aliquem
494 2004 517 2029 ex
525 1991 650 2039 presbyteris,
659 1991 692 2039 qui
700 2003 744 2028 cum
751 1995 850 2028 consecta-

58 2035 132 2080 bantur,
142 2037 276 2074 constituissct
285 2049 403 2085 eprscopum,
412 2037 484 2075 Sidone
493 2038 596 2086 egreditur.

1 2105 4 2130 3
101 2080 162 2118 LVII.
181 2082 251 2120 Statim
262 2087 326 2120 autem
339 2096 362 2120 ac
370 2083 464 2131 Berytum
476 2084 574 2130 peruenit,
586 2088 649 2120 terrae
659 2087 723 2120 motus
736 2084 800 2119 factus
809 2087 849 2128 est·,

57 2131 113 2180 atque
127 2128 183 2209 plebs
197 2130 293 2167 accedens
305 2130 331 2183 ad
341 2130 429 2183 Petrum,
443 2134 465 2166 ut
476 2130 536 2167 ferret
551 2142 614 2176 opem,
623 2129 717 2183 ¹rogabat.
742 2128 849 2182 Timuimus

58 2183 116 2219 emm,
141 2175 229 2222 mebant,
240 2188 265 2213 ne
277 2176 365 2212 funditus
375 2188 486 2224 periremus.
511 2176 567 2212 Tunc
579 2179 599 2212 et
608 2175 674 2213 Simon
684 2175 766 2212 audacia
774 2178 850 2223 sumpta

58 2325 129 2368 oBGD,
137 2326 188 2360 Hom.
197 2327 237 2369 VII,
246 2325 383 2370 unostraupit.
393 2329 410 2361 et
418 2328 440 2361 al.
470 2324 539 2371 στήσας
553 2324 851 2374 αὐτοῖςίην.Ο.-4)Βιρυτὸν

1 2390 6 2423 3
58 2379 83 2413 ap.
93 2370 139 2412 Cot,
152 2369 250 2417 ἀπήντουν
259 2373 307 2426 yulg.
315 2391 339 2397 -
349 2370 368 2418 7)
377 2369 439 2417 ἔλεήτο
468 2374 489 2407 D.
498 2391 521 2395 -
529 2370 548 2425 5)
556 2370 605 2425 perti
612 2385 634 2419 γε
644 2373 681 2407 OD.
689 2392 713 2398 -
724 2370 743 2419 6)
752 2372 821 2418 ἑτέρων
829 2374 850 2414 D,

1 2448 3 2451 ,
57 2415 78 2447 al·
87 2426 114 2461 ap.
123 2417 159 2452 cot.
166 2437 190 2443 -
196 2416 215 2464 8)
220 2419 251 2454 καὶ
258 2429 309 2452 mser.
318 2419 349 2453 CD
358 2422 375 2453 et
383 2419 404 2452 al.
413 2429 440 2464 ap.
470 2418 515 2452 idem
523 2418 581 2452 furtin
588 2421 609 2452 Β.

1 2476 7 2514 J
59 2460 95 2493 eor.
504 2464 602 2508 capara.
626 2462 643 2504 1)
661 2464 734 2506 Πέτρος
747 2475 780 2497 om.
796 2464 850 2505 1301),
878 2497 882 2504 ,

1 2524 5 2540 ;
93 2507 135 2552 Cap.
143 2510 189 2543 LIV.
215 2507 234 2588 1)
242 2510 273 2544 καὶ
285 2504 363 2555 δαίμὸσι
378 2521 410 2543 om.
418 2510 439 2543 D.
468 2510 520 2543 Hom.
532 2510 571 2551 VH,
583 2508 594 2543 6
607 2513 624 2543 et
635 2513 694 2543 nostra
704 2511 785 2553 111111.-
794 2506 852 2552 maa

0 2572 1 2575 =
60 2548 440 2600 -2)Μ11111.ἵ,1.-3)φησ“ι)ὰρο1υ.
471 2552 850 2599 01n.B.—3)quattuordenum-4)

1 2630 3 2642 Ἴ,
58 2595 440 2645 ΙΙ1111.1Π,4,111111111111.111111).001.
470 2598 490 2635 εὐ
499 2600 567 2646 φρονῶ
577 2612 595 2645 p.
607 2599 629 2635 οὐ
638 2600 709 2644 φθονῶ
717 2601 738 2634 al.
750 2612 776 2645 ap.
784 2602 852 2635 eor.-

59 2658 82 2665 -
93 2640 113 2688 4)
123 2641 146 2678 oi·
154 2647 210 2690 recepi
219 2659 238 2680 ex
246 2648 266 2680 Β.
277 2665 301 2670 -
314 2642 333 2691 5)
342 2642 441 2692 φονεύσῃς
469 2642 488 2690 ὅ)
497 2643 558 2679 rivom.
567 2647 616 2679 B.-
624 2644 641 2689 (i)
650 2643 730 2692 ἡμέραις
738 2644 810 2692 ὀλίγαις
817 2647 852 2681 inv.

59 2687 78 2720 Β.
86 2706 109 2713 -
117 2687 135 2735 6)
143 2702 162 2725 τε
169 2702 202 2725 om.
211 2692 229 2726 G.
236 2711 258 2716 —
271 2688 289 2737 ἵ)
297 2688 441 2734 ἓτιτεύξησθεΒ,
469 2691 519 2733 BOD,
528 2691 579 2724 Hom.
587 2692 630 2733 VH,
639 2688 650 2723 8
659 2695 676 2724 et
683 2695 742 2734 nostra
749 2693 797 2738 Epit.
803 2711 827 2716 —
835 2689 852 2734 7)

93 2734 179 2780 01111ΙΝ.
203 2734 221 2783 1)
235 2737 442 2778 SicBCD,Hom.VlI,
471 2735 658 2781 arausicanum-8)
667 2737 765 2783 ἐκκλησίαν
774 2740 854 2773 τεΒμ-

59 2776 81 2832 5,Ι
89 2785 148 2816 nostra
159 2784 207 2829 Epit.
221 2788 237 2818 et
248 2784 270 2818 al.
282 2795 309 2829 op.
322 2784 358 2818 cot.
373 2780 411 2830 (ubi
421 2784 442 2817 al.
471 2780 490 2829 9)
499 2781 562 2822 αὐτοῖς
569 2783 620 2818 inser.
629 2785 671 2827 Bc,
682 2785 734 2819 Hom.
742 2786 754 2819 l.
762 2795 782 2825 a,
795 2788 854 2819 nostra

59 2828 111 2860 ctiam
122 2826 253 2876 ἀπέστειλαν),
266 2830 353 2866 ἔστελλον
365 2832 411 2873 vulg.
420 2848 443 2854 -
471 2831 519 2875 Epit.
528 2833 545 2863 et
552 2830 573 2863 el.
582 2841 609 2876 ap.
616 2831 652 2865 cot.
659 2831 768 2876 Subsequens
774 2831 852 2874 ἐπίσκο-

58 2867 77 2916 2)
91 2871 167 2911 insieme
179 2877 275 2922 properisp.
285 2877 307 2911 D.
321 2896 345 2902 —
359 2874 378 2922 3)
386 2889 443 2912 κατα·
473 2887 554 2913 noanon
562 2877 613 2911 estin
621 2878 642 2911 D.
