1827 3065
341 104 447 138 rrrrour
459 104 534 138 Paroa.
810 91 838 134 95

92 211 149 249 CXL.
169 207 224 243 Haec
236 216 278 241 cum
289 207 345 251 pater
355 203 433 250 publice
445 204 500 251 quasi
511 216 534 241 ex
543 215 626 252 persona
638 202 721 239 Simonis
730 202 811 240 dixisset
820 208 839 238 et

48 265 123 301 Petrum
128 254 233 296 laudasset,
242 250 352 286 universam
358 249 518 287 Antiochensium
525 251 624 288 civitatem
631 249 656 286 ad
662 248 715 285 illius
723 248 840 285 desiderium

47 304 137 346 traduxit,
147 297 249 343 cunctique
259 307 279 332 se
289 307 331 331 eum
339 296 462 332 vehementer
471 302 561 346 exoptare
567 296 689 340 asserebant,
698 295 786 331 nonnulli
794 306 839 331 vero

49 355 105 392 ctiam
112 345 169 396 pat-ri,
177 348 269 389 tanquam
275 342 292 377 is
301 343 343 389 ipse
349 345 402 378 esset
409 342 479 388 Simon,
489 343 630 381 succensebant
635 345 714 390 propter
719 341 840 377 nimietatem

49 396 115 437 amoris
124 403 169 440 erga
177 390 261 433 Petrum,
269 391 291 432 et
299 399 366 423 manus
375 388 455 424 iniicere
464 390 587 427 conabantur.
611 389 639 424 At
647 388 682 424 ille
690 387 773 431 veritus,
781 399 806 423 ne
815 387 839 423 ab

49 445 94 493 ipsis
105 435 254 479 interficeretur,
268 445 303 480 per
316 434 402 481 legatum
412 436 519 481 postulavit
529 436 615 480 aPetm,
628 434 720 471 continuo
728 438 750 469 ut
758 433 839 478 reniret,

50 501 85 538 quo
94 497 114 523 se
121 481 266 520 nancisceretur
273 479 344 525 virum,
354 484 374 516 et
382 480 402 515 in
410 479 477 517 urbem
486 481 581 519 desiderio
589 481 643 518 illius
651 480 766 528 flagrantem
773 490 840 526 oppor-

49 542 93 572 tune
101 529 219 567 adventaret.
244 525 318 568 Quibus
327 526 399 561 auditis
407 526 476 562 Petrus
484 528 576 573 plurimos
585 528 610 564 ad
618 527 716 576 agendum
724 529 840 562 conventum

50 577 127 618 adduxit
135 577 155 611 et
167 573 280 619 episcopum
289 571 401 616 constituit,
414 572 485 608 multos
497 574 571 609 curavit
579 576 636 620 atque
644 572 759 620 baptizavit,
767 571 841 607 triduo—

49 637 84 674 que
92 620 312 698 Laodiceaetpraeterea
324 622 451 654 commoratus
463 618 586 656 Antiochiam
599 619 726 667 propinquam
741 617 841 654 civitatem

51 672 101 709 adire
109 664 201 703 festinavi
211 690 215 697 .

94 722 161 761 CXLI.
180 721 207 757 Et
215 720 292 766 quidem
301 731 344 755 cum
353 720 378 756 ad
388 721 455 757 urbem
465 721 594 768 pervenisset,
605 722 706 758 universus
717 720 800 768 populus
810 731 841 755 ac-

1 800 3 802 ·
51 781 124 811 crnrens
133 779 176 804 cum
184 766 256 821 gaudio
264 765 327 812 ipsum
340 766 417 813 excepit
427 770 519 814 tanquam
529 767 617 804 veritatis
628 778 744 815 praeconem
756 770 776 802 et
789 764 841 812 Apo-

51 819 123 856 stolum.
137 813 231 850 Precrbus
239 814 304 848 autem
312 810 361 847 fusis
370 815 390 848 et
398 813 486 850 manibus
496 825 552 860 super
561 825 593 850 eos
601 813 677 860 positis,
686 812 782 849 universis
790 811 841 847 male

50 861 163 901 habentibus
171 858 238 895 attulit
248 857 371 903 medicinam,
381 858 428 895 item
436 870 494 895 rmum
502 859 566 896 Deum
573 859 594 895 in
601 859 663 896 tribus
671 859 759 906 personis
769 869 842 894 annun-

52 908 117 951 ciavit,
127 905 253 953 pluribusque
265 913 298 939 eos
311 903 334 939 de
346 904 403 940 unius
416 905 500 941 numinis
512 905 623 953 principatu
634 905 705 941 docuit.
729 903 807 940 Deinde
816 903 842 939 ad

51 953 153 1000 hospitium
161 962 196 986 nos
204 950 317 996 recepimus.
329 949 445 997 Intelligens
452 954 516 987 autem
525 962 583 987 senex
588 950 667 992 Petrum
676 951 744 986 adesse
751 949 841 992 accurrit,

52 1009 107 1045 seque
120 996 213 1033 deiiciens
224 995 245 1030 in
257 998 326 1035 terram
337 995 390 1030 illius
402 996 462 1043 pedes
475 997 639 1044 complectebatur
648 1007 730 1043 rogans,
741 998 763 1031 ut
776 994 842 1030 divino

51 1043 165 1091 baptismate
174 1044 343 1085 consummaretur,
356 1052 393 1088 quo
402 1045 505 1089 antequam
516 1042 591 1078 animae
600 1041 763 1088 pulchritudinem
775 1044 795 1076 et
802 1040 840 1076 for·

51 1102 99 1125 marn
107 1087 189 1134 corporis
197 1087 292 1133 reciperet
300 1097 334 1132 per
341 1087 466 1133 baptismum,
475 1086 569 1134 fieretque
577 1087 675 1133 particeps
683 1086 841 1122 intemeratorum

53 1134 121 1171 Christi
128 1132 267 1180 mysteriorum.
291 1132 317 1167 Et
324 1132 393 1168 Petrus
401 1134 474 1170 tradita
486 1133 504 1169 ei
516 1133 633 1169 christianae
641 1131 744 1179 religionis
754 1130 842 1166 doctrina

53 1179 153 1225 multisque
163 1178 186 1214 de
195 1178 258 1214 salute
266 1178 347 1224 prolatis
355 1178 434 1214 tandem
442 1178 480 1215 hoc
488 1179 565 1223 addito,
578 1178 676 1213 dominum
683 1181 770 1213 nostrum
778 1176 843 1212 Iesum

2 1249 4 1251 ν
54 1225 147 1261 Christum
158 1223 220 1259 filium
228 1223 267 1259 Dei
278 1223 298 1258 in
307 1224 403 1258 mandatis
412 1224 437 1259 ad
449 1221 555 1271 discipulos
569 1224 651 1259 dixisse:
667 1223 703 1265 Qut
715 1223 816 1259 crediderit
827 1228 844 1257 et

53 1270 225 1317 baptizatasfacrit,
233 1270 297 1305 sulcas
305 1269 341 1304 erit
349 1272 368 1304 et
376 1271 539 1316 scacardaacfidem
548 1275 599 1305 aarum
605 1270 644 1315 Jiat
652 1269 686 1304 act
693 1268 741 1304 sicut
748 1268 785 1312 ais,
796 1271 844 1303 tem·

53 1327 97 1363 pore
105 1315 143 1350 iam
151 1314 176 1350 ad
184 1326 284 1361 vesperam
292 1313 405 1359 inclinante,
415 1314 479 1351 cibum
486 1315 607 1363 sumpsimus,
617 1318 636 1351 et
641 1317 687 1361 post
694 1313 771 1349 solitam
778 1324 845 1360 preca-

54 1363 125 1396 tionem
133 1372 210 1396 somnus
218 1372 254 1396 nos
263 1360 371 1406 occupavit.

98 1416 176 1452 CXLII.
194 1417 287 1462 Sequenti
298 1427 342 1452 vero
352 1417 383 1452 die
391 1417 460 1454 Petrus
469 1418 539 1453 iterum
550 1417 643 1454 maturius
653 1427 733 1464 surgens
742 1419 845 1469 postquam

1 1469 7 1509 j
55 1463 120 1507 oravit,
128 1465 202 1510 patrem
209 1465 229 1498 et
234 1474 270 1499 nos
276 1462 379 1499 accersivit
388 1466 408 1499 et
413 1463 484 1507 Hodie,
492 1463 562 1510 inquit,
570 1463 646 1508 fratres,
654 1474 745 1510 magnum
754 1462 846 1509 gaudrum

56 1509 124 1545 orietur
137 1509 158 1544 in
170 1508 224 1545 caelo
238 1512 317 1555 propter
329 1508 415 1545 divinum
426 1521 494 1545 munus
506 1509 640 1546 renascentiae
650 1509 697 1545 boni
709 1508 760 1544 senis
772 1507 845 1544 Fausti,

3 1574 5 1576 ·
55 1554 137 1600 Cumque
145 1565 180 1590 nos
191 1554 337 1601 assumpsisset,
353 1555 427 1603 egressi
437 1567 502 1591 sumus
514 1555 540 1591 ad
547 1556 591 1592 loca
602 1555 704 1591 orientalia
712 1554 805 1598 civitatis,
813 1553 847 1589 ubi

55 1601 125 1636 multae
135 1604 189 1636 erant
197 1610 257 1646 aquae
266 1611 289 1636 ac
296 1611 362 1646 purae,
372 1601 471 1648 solumque
478 1604 553 1648 patrem
561 1613 646 1638 seorsum
655 1611 731 1636 sumens
742 1600 846 1645 multisque

56 1645 157 1681 instituens
169 1645 286 1693 tradensque
298 1645 328 1681 illi
340 1647 446 1683 doctrinam
459 1647 482 1683 de
490 1646 534 1683 Deo
543 1647 622 1693 eiusque
634 1647 655 1682 in
667 1656 724 1682 carne
736 1645 761 1681 ad
769 1656 804 1680 nos
813 1644 845 1680 ad-

55 1696 112 1727 ventu
121 1691 230 1739 baptizavit
242 1704 284 1728 eum
296 1692 317 1727 in
326 1692 403 1728 nomine
414 1692 475 1739 patris
488 1695 507 1727 et
517 1692 554 1728 filii
562 1697 582 1729 et
590 1692 669 1739 spiritus
678 1691 750 1737 sancti3
765 1701 846 1736 cumque

54 1748 127 1783 panem,
136 1738 245 1784 accepisset
253 1737 326 1785 gratias
339 1738 413 1785 egisset
423 1749 446 1773 ac
457 1738 589 1775 benedixisset
599 1749 653 1774 sacra
660 1737 699 1784 ipsi
709 1736 803 1783 mysteria
811 1737 845 1771 irn-

55 1782 137 1828 pertivit.
149 1782 176 1818 Et
185 1794 258 1818 eramus
267 1783 339 1829 pariter
348 1783 414 1819 crmcti
420 1783 441 1818 in
447 1783 530 1820 Domino
536 1788 597 1820 noctu
605 1795 628 1819 ac
635 1782 721 1819 interdiu
726 1782 847 1818 exsultantes

55 1831 94 1864 tum
102 1828 126 1864 de
134 1828 194 1875 patris
203 1839 238 1875 per
246 1828 332 1864 divinum
340 1828 428 1875 spiritum
436 1829 544 1866 instaruata
550 1829 660 1873 nativitate,
669 1833 711 1864 tum
717 1828 741 1864 dc
748 1828 848 1865 auditione

56 1874 172 1910 oraculorum
179 1873 238 1910 Petri.
258 1872 305 1909 Cum
313 1873 374 1920 igitur
381 1886 416 1928 per
424 1875 503 1921 aliquod
512 1880 587 1923 tempus
595 1887 634 1911 una
642 1886 750 1928 ageremus
759 1873 848 1910 omnibus

0 1924 8 1969 ιἰ
56 1923 158 1964 patirerunt
165 1931 195 1955 res
205 1922 289 1964 nostrae,
298 1924 318 1956 et
325 1922 347 1955 in
352 1932 436 1956 omnium
443 1932 474 1957 ore
481 1921 610 1966 versabamur,
620 1924 723 1968 cunctique
730 1920 849 1956 mirabantur

57 1964 79 2000 de
92 1965 187 2002 universis
202 1976 250 2011 quae
265 1966 387 2014 contigerant
400 1966 466 2011 nobis,
484 1966 561 2014 Deique
576 1979 623 2014 erga
636 1978 671 2002 nos
684 1966 814 2014 patrocinium
828 1966 849 2001 in

56 2015 119 2046 nostra
126 2010 260 2058 recognitione
270 2012 399 2049 celebrabant.

101 2066 190 2103 CXLIH.
210 2068 270 2104 Fama
282 2068 342 2116 igitur
354 2081 496 2116 quoquoversus
510 2073 629 2118 pervagante
639 2068 756 2105 Antiochiae
770 2069 848 2115 praeses

57 2116 125 2149 cuncta
136 2125 185 2160 quae
196 2114 248 2161 patri
259 2118 279 2150 et
290 2115 347 2151 matri
357 2116 469 2152 acciderant
480 2116 598 2160 resciscens,
610 2115 698 2162 quodque
711 2114 737 2150 ad
747 2113 849 2150 Caesarem

58 2159 170 2205 cognatione
179 2160 293 2205 attinerent,
307 2160 330 2196 dc
341 2160 372 2197 his
382 2161 442 2198 refert
453 2162 478 2197 ad
489 2161 595 2198 Tiberium.
619 2161 693 2204 Quibus
705 2159 778 2195 auditis
786 2159 848 2206 impe-

57 2207 106 2239 rator
113 2205 176 2250 iubet,
185 2217 218 2242 eos
227 2217 284 2253 quam
291 2206 372 2254 primum
379 2206 460 2243 Romam
467 2207 525 2243 mitti.
549 2207 605 2250 Quod
616 2210 636 2242 et
646 2206 720 2243 factum
732 2209 768 2242 est.
791 2206 848 2241 lllos-

57 2290 191 2300 κ-

0 2351 2 2353 ·
60 2342 91 2385 BC,
104 2344 155 2378 Hom.
167 2346 208 2388 XX,
218 2344 247 2388 23,
261 2347 342 2379 nostraE
355 2347 374 2380 11,
387 2350 404 2380 11
416 2346 437 2379 al.
467 2344 545 2386 Luc-15,
554 2343 569 2380 1,
578 2344 605 2379 10.
614 2366 637 2370 -
648 2344 666 2392 3)
677 2344 700 2391 ἦν
708 2358 741 2382 om.
749 2347 794 2381 BCD
804 2349 821 2380 et
829 2349 850 2382 al.

59 2397 84 2430 ap.
93 2388 135 2432 ssot,
144 2389 256 2437 παραλαβών
264 2392 284 2424 D.
298 2410 322 2415 —
337 2358 355 2436 1)
368 2390 438 2426 iunco·
467 2402 494 2436 ap.
503 2392 545 2433 Cot,
558 2388 679 2436 ὑπάρχουσιν
691 2395 728 2426 exh.
736 2396 794 2426 nostra
802 2393 850 2437 Epit.

4 2439 6 2441 '
60 2431 79 2466 de
88 2436 107 2466 B.
466 2433 789 2483 -tlnapataaelvD.—5)aac²a
806 2439 850 2482 ἐραν

93 2479 132 2524 Cap.
145 2481 206 2516 CXLI.
226 2479 245 2528 l)
261 2480 375 2526 παραλαβών
390 2480 440 2530 ἡμᾶς
467 2484 526 2516 1).-
540 2481 559 2528 6)
573 2483 606 2518 ἐπὶ
620 2484 641 2516 al.
656 2494 683 2527 ap.
697 2484 769 2517 Cot—
797 2482 850 2525 )λὸ-

60 2523 79 2555 Β.
87 2543 109 2548 -
120 2524 137 2568 2)
149 2529 259 2574 μυστηρίων
268 2528 306 2563 τῶν
317 2528 352 2561 τοῦ
356 2527 440 2573 χριστοῦ
468 2539 507 2573 yur
514 2530 534 2561 B.

59 2567 92 2610 leg·-
101 2570 119 2603 C.
127 2590 150 2596 -
161 2570 180 2618 3)
189 2575 250 2620 εἴρηκε
259 2573 321 2607 inserit
330 2574 349 2615 C,
360 2584 395 2616 seq.
404 2571 440 2620 ἔφη
504 2574 544 2618 Cap.
554 2573 631 2607 onam.
645 2570 663 2618 1)
672 2570 794 2620 πανταχόσεν
801 2576 822 2608 D.
829 2594 849 2599 —

61 2615 125 2651 omisso.
144 2618 207 2652 Deesse
216 2619 253 2665 ἔφη
261 2619 280 2652 in
288 2620 315 2662 aL,
324 2619 394 2652 adnotat
402 2619 438 2653 Cot.
467 2615 486 2662 2)
496 2615 636 2663 συμβεβοηκότιι
647 2621 667 2652 Β.
681 2637 704 2642 -
719 2617 737 2665 3)
751 2619 774 2663 τῆ
788 2621 852 2656 excidit

59 2657 147 2703 1111116,
156 2662 183 2697 16.
195 2666 257 2698 Matth.
266 2662 277 2696 9
286 2667 302 2697 et
310 2661 337 2697 15.
346 2683 368 2689 -
377 2661 395 2706 4)
404 2675 439 2711 με-
468 2664 660 2698 1111111011.-
672 2661 691 2710 4)
700 2665 755 2700 Aliter
764 2658 851 2711 ¹Nicepho-

0 2746 2 2748 .
61 2704 170 2749 recluditur
181 2711 201 2752 B,
216 2713 274 2744 nostra
286 2710 333 2755 Epit.
346 2714 363 2743 et
374 2709 395 2743 al.
412 2720 439 2755 ap.
469 2707 753 2755 rusffisr.uccl.ub.2.cap.35.
777 2713 851 2746 Acrius

61 2748 387 2800 011.-5)ἡμιῖς111111.11.1ρ.011.
406 2764 408 2766 ’
469 2756 552 2789 sententia
561 2755 633 2789 discedit
642 2757 734 2790 Freculfus
746 2761 786 2792 tom.
794 2755 811 2791 2.
820 2758 851 2791 lib.

65 2833 70 2846 ‚
106 2797 146 2842 Gap.
158 2800 227 2834 CXLII.
247 2796 266 2845 1)
280 2798 413 2849 ὀρθριαίτερον
422 2801 440 2843 C,
469 2799 485 2834 2.
500 2812 536 2845 cap.
545 2798 571 2834 10.
595 2802 696 2836 Estautem
707 2803 852 2848 Nicephorisen-

61 2843 192 2889 ορθριαίτερον
205 2857 257 2890 supra
269 2858 283 2879 ω
295 2848 316 2880 D.
332 2864 355 2870 —
371 2845 390 2893 2)
405 2847 440 2880 cfr.
469 2847 531 2889 tentia,
542 2847 623 2880 haecsub
632 2849 700 2882 Nerone
709 2849 805 2891 contigisse.
816 2850 850 2882 Oct.
