1827 3065
333 102 516 136 PROLEGOMENA.
810 104 832 131 v,

28 200 147 249 Georgius
164 199 303 245 Cedrenus1,
324 202 401 239 Nicon
417 200 561 244 Monachus²,
579 199 730 245 Nicephorus
749 200 822 246 calla,

28 246 133 283 Michaei
145 246 249 295 clyeasr.
274 248 353 292 „Codex
361 261 396 285 ms.
404 247 512 291 Parisinus,
525 247 557 293 qui
569 245 620 280 inter
628 245 733 281 orientales
742 258 787 282 num
801 248 823 282 70

29 293 117 341 signatur
125 296 145 329 et
152 293 265 330 inscribitur
273 294 450 330 Testamentum
460 292 550 329 Christi
562 290 651 327 domini
662 291 792 328 adPetrum
800 296 823 328 et

28 340 104 376 omnia
117 340 232 386 mysteria
246 351 304 387 quae
319 341 341 375 ei
354 339 482 384 revelavit,
500 341 598 374 auctore
614 335 632 372 S.
646 335 768 374 Clemente
782 338 822 375 Ro-

28 397 92 422 mano
102 389 139 422 etc.
148 384 194 422 XCI
203 385 323 422 sectionibus
330 385 451 431 haudpauca
457 384 535 431 quidem
542 382 635 425 continet,
645 393 694 428 quae
699 383 823 432 exRecogni-

26 431 112 467 tionibus
125 436 216 478 excerpta
228 442 270 467 esse
282 430 381 473 videntur,
395 430 430 466 sed
442 429 523 465 confusa
537 441 560 465 ea
571 440 615 464 cum
629 428 709 475 ineptiis
725 429 823 476 variisque

27 476 212 513 hallucinationibus
221 489 244 512 ac
251 475 347 522 permixta
356 475 527 521 conquestionibus
538 475 562 510 de
568 473 644 509 iniuriis
655 478 674 510 et
680 474 743 520 malis,
753 475 823 521 quibus

27 522 166 570 affligebantur
176 522 253 557 sacculo
262 524 307 568 post
314 520 357 556 Chr.
364 525 431 555 natum
440 520 514 556 decimo
523 520 591 567 quinto
601 518 707 555 Christiani
715 520 735 555 in
744 519 823 557 Oriente

28 568 122 615 degentes
131 580 142 603 a
150 566 327 602 Muhamedanis‘ffi.
350 566 393 602 Nee
401 565 473 610 habeo,
483 566 530 612 quid
540 566 604 601 dicam
611 564 634 600 de
641 565 729 601 versione
736 565 823 603 Clemen-

26 613 110 649 tiuorum
119 612 204 657 Syriaca,
214 623 271 658 quam
279 612 300 646 in
309 611 417 647 doctissimi
429 610 521 647 Cruetoni
532 611 620 646 manibus
633 621 675 646 esse
686 611 731 647 scio.
744 613 764 647 Is
773 613 823 648 enim

27 658 89 694 literis
97 658 148 693 datis
156 657 237 694 d.5.Iul.
244 657 288 693 1856
295 669 370 693 mecum
377 657 534 692 communicavit:
548 656 625 699 „Ihave
633 656 660 702 by
666 669 697 692 mc
703 658 824 694 transcribed

27 703 61 740 the
66 702 299 749 ClementincsinSyriac‚
310 702 373 738 which
380 702 444 748 lhope
452 705 473 737 to
482 701 524 736 find
533 713 584 737 some
591 701 690 738 farorable
698 704 824 750 opportmrity

28 749 50 786 of
55 748 187 796 publishing.“
211 749 244 784 llli
255 749 315 796 igitur
327 759 377 794 quae
386 748 448 783 citant
457 758 480 783 ex
488 747 543 782 libris
553 747 720 794 deprompserunt,
729 748 762 795 qni
771 753 823 785 certe

29 795 54 830 ad
60 806 120 830 unum
126 805 192 830 omnes
199 795 224 830 ad
231 795 311 831 eandem
316 794 409 830 historiae
415 793 447 829 vel
453 792 518 839 potius
525 793 603 828 fabulae
610 792 704 840 originem
710 794 824 847 respiciunt,

29 852 67 876 non
80 851 103 875 ex
115 851 153 875 uno
166 840 270 887 eodemque
282 840 414 888 profluxerunt
425 839 532 886 archetypo
546 838 650 875 doctrinae.
674 837 704 874 Ac
716 839 753 875 virr
764 840 824 885 docti,

30 886 63 932 qui
75 885 99 922 (le
113 884 240 922 clementinis
253 887 391 930 disseruerunt,
406 886 426 921 in
439 896 462 921 eo
474 885 506 921 vel
518 885 600 921 maxime
613 885 691 932 decepti
706 890 760 931 sunt,
773 887 824 932 quod

29 931 74 967 huic
81 931 133 978 parti
140 931 203 967 minus
212 932 296 968 animum
305 932 434 968 adverterunt.
449 930 492 979 Ego
501 931 572 978 quippe
579 942 694 984 persuasum
702 931 770 977 habco,
778 933 823 969 inde

31 978 55 1014 ab
65 978 121 1014 initio
142 977 193 1013 lures
203 978 291 1014 extitisse
301 978 406 1024 eodemque
414 981 500 1024 tempore
508 988 632 1012 recensiones
644 976 732 1013 doctrina
740 979 823 1014 multum

29 1023 120 1066 diversas,
128 990 195 1060 iabula
202 1023 309 1060 Clementis
314 1023 366 1059 haud
373 1023 465 1070 dispares.
472 1022 524 1058 Hinc
531 1021 695 1058 Clementinorum
700 1023 732 1059 rel
739 1024 822 1060 maxima

28 1069 49 1104 in
57 1069 145 1105 doctrina
152 1070 245 1114 varietas,
258 1081 331 1105 summa
343 1069 363 1104 in
374 1069 442 1105 fabula
450 1068 556 1104 enarranda
563 1068 633 1103 unitas.
659 1068 697 1105 sed
705 1069 824 1106 orthodoxae

28 1114 75 1151 fidei
84 1115 178 1151 cultorum
200 1116 249 1151 ictas
258 1115 370 1162 permittere
377 1114 462 1159 nolebat,
470 1118 492 1149 ut
501 1113 629 1149 clarissimum
638 1112 746 1149 Clementis
754 1127 824 1151 nomen

28 1160 107 1207 placitis
115 1172 150 1207 pro
158 1128 261 1197 mitorum
270 1164 328 1207 captu
335 1159 441 1196 haereticis
448 1170 506 1206 porro
519 1159 622 1194 inserviret
633 1159 729 1203 vehiculo,
742 1172 822 1207 quapro-

28 1211 72 1259 pter
80 1206 118 1241 iam
126 1206 157 1241 lon
160 1216 185 1252 ge
193 1210 238 1242 ante
247 1206 343 1249 Photium,
351 1204 466 1251 Hieronymi
474 1207 539 1240 aetate
548 1204 633 1249 dixerim,
643 1206 763 1252 expurgandi
768 1206 825 1242 labor

29 1251 109 1298 incepit.
133 1251 185 1287 Hinc
198 1255 264 1288 exorta
276 1255 306 1287 cst
319 1250 484 1287 clementinorum
499 1249 569 1286 cohors
583 1250 637 1285 varie
650 1255 669 1286 et
680 1251 826 1288 multiformiter

30 1297 141 1343 composita,
150 1296 212 1333 altera
219 1297 289 1344 quippe
295 1296 385 1343 Epitome
392 1296 474 1331 alteram
479 1295 605 1342 parturiente.
622 1294 653 1331 Ac
661 1300 733 1343 quanto
739 1298 825 1344 pruritus
836 1299 837 1302 ’

30 1342 139 1389 corrigendi
145 1341 281 1390 theologorum
290 1342 391 1378 orientalis
397 1341 498 1377 Ecclesiae
506 1353 549 1377 cum
554 1340 614 1376 nimia
621 1341 765 1388 dogmatizandi
772 1343 826 1390 cupi-

30 1388 208 1435 dineetargutandi
217 1388 278 1424 erevit
287 1387 413 1434 invaluitque,
421 1390 477 1422 tanto
486 1398 605 1423 macrescere
614 1387 680 1423 videre
688 1388 825 1434 estEpitomas

29 1434 152 1480 prodeuntes.
176 1434 199 1469 Id
206 1433 382 1481 Recognitionibus
391 1444 467 1479 quoque
476 1432 547 1476 serius⁷
559 1436 579 1468 et
591 1432 668 1479 quidem
678 1438 723 1481 post
733 1434 824 1470 Photium

31 1479 137 1523 accedisse,
146 1482 208 1515 testes
218 1483 262 1515 sunt
271 1480 308 1515 duo
318 1479 396 1515 codices
403 1477 518 1525 Lipsienses
527 1490 577 1514 saec.
586 1479 608 1513 11
617 1482 637 1514 et
646 1479 676 1524 13,
688 1480 757 1526 quihus
767 1479 826 1516 ders-

33 1523 104 1560 dorfius
116 1536 163 1559 usus
176 1529 206 1561 est
219 1526 239 1561 in
252 1525 337 1561 editione
350 1536 415 1560 earum
428 1535 478 1559 nora
492 1523 608 1560 adornanda.
632 1523 739 1572 Utriusque
754 1526 825 1579 quippe

30 1570 240 1616 auctorepitomatoris
249 1571 292 1607 vice
301 1575 380 1606 strenue
391 1569 470 1605 functus
482 1573 512 1605 est
520 1570 546 1604 iis
554 1570 632 1616 quidem
640 1571 696 1607 anxie
705 1572 824 1625 repetundis,

31 1627 80 1662 quae
92 1615 117 1651 ad
127 1616 228 1652 historiam
239 1628 303 1652 rerum
315 1619 447 1652 enarratarum
457 1615 551 1660 attinent,
565 1615 665 1652 doctrinae
676 1617 757 1664 placitis
768 1621 826 1654 acuta

30 1662 81 1697 falce
88 1661 186 1708 demessis,
192 1663 301 1709 ubicunque
308 1662 328 1697 id
333 1673 369 1708 pro
376 1673 397 1697 re
401 1665 448 1697 nata
455 1661 473 1697 ei
479 1661 564 1697 utilevel
570 1663 701 1698 necessarium
706 1663 824 1699 ridebaturi.

76 1707 92 1742 5.
105 1707 178 1749 Quodsi
191 1720 239 1755 quae
253 1720 276 1744 ex
289 1707 416 1744 clementinis
429 1706 480 1753 apud
495 1706 559 1742 varios
572 1707 678 1753 scriptores
690 1708 789 1744 orientalis
806 1713 826 1745 et

31 1751 158 1788 occidentalis
166 1752 267 1790 Ecclesiae
276 1765 334 1801 supra
341 1752 448 1788 recensitos
455 1751 512 1787 obvia
518 1750 567 1787 fiunt
573 1751 683 1800 fragmenta
690 1765 713 1789 ex
719 1754 825 1802 archetypo

32 1810 70 1834 non
79 1798 118 1833 nisi
126 1798 246 1835 intermediis
254 1799 301 1843 viis,
314 1799 377 1844 iisque
385 1797 437 1833 haud
444 1809 488 1833 raro
497 1797 596 1833 intercisis
608 1798 754 1853 multifarieque
765 1804 826 1836 retor-

31 1844 57 1879 tis
66 1848 202 1890 provenerunt,
210 1844 345 1892 provenientia
353 1855 388 1891 pro
396 1843 455 1879 libitu
465 1843 592 1879 scribentium
599 1844 686 1887 redacta,
695 1846 742 1892 quld
750 1846 825 1891 mirum,

34 1889 50 1924 si
59 1890 146 1935 pervarie
155 1889 234 1926 fuerrmt
242 1889 350 1937 inscripta?
365 1889 424 1925 Haud
432 1889 453 1924 id
460 1889 504 1925 leve
513 1894 649 1937 argumentum
660 1891 708 1927 mihi
719 1903 762 1927 esse
773 1891 826 1928 vide-

32 1939 64 1970 tur
75 1934 100 1970 ad
112 1935 257 1971 diiudicandum
269 1948 334 1972 eorum
346 1935 475 1981 corruptelam
488 1937 528 1970 sive
537 1935 679 1972 aberrationem
687 1937 711 1973 ab
720 1937 827 1985 archetypo

33 1980 132 2016 nominare
140 1982 207 2018 mavis.
223 1982 297 2018 Eadem
305 1993 351 2017 vero
360 1993 384 2017 er
392 1982 455 2016 altera
463 1985 519 2026 parte
527 1992 557 2016 me
566 1984 630 2017 movet
639 1993 706 2027 causa,
715 1987 737 2019 nt
744 1984 827 2028 credam,

33 2025 123 2061 stabilem
131 2026 185 2062 illam
193 2027 340 2074 inscriptionem
348 2027 448 2073 utriusque
456 2027 556 2074 Epitomes
565 2026 646 2063 huiusce
654 2028 700 2064 libri
705 2033 777 2065 testem
784 2041 827 2065 esse

32 2074 97 2107 rectae
104 2071 386 2109 affinitatisintervenientibus
394 2072 486 2108 Homiliis
495 2084 538 2108 cum
546 2073 631 2119 ipsarum
637 2074 705 2110 archet
733 2078 770 2110 oet
777 2087 827 2111 com-

32 2117 145 2164 pendiariae
154 2118 254 2155 doctrinae
263 2123 283 2155 et
292 2120 381 2163 omnium,
391 2130 440 2165 quae
449 2119 474 2154 ad
481 2130 512 2154 res
521 2122 587 2166 gestas
597 2123 686 2164 spectant
723 2120 828 2157 nsoribitur

33 2167 97 2198 autem
105 2163 195 2210 Epitome
205 2176 261 2211 quam
269 2177 319 2200 nunc
331 2165 413 2212 primum
422 2165 519 2212 integram
531 2164 663 2210 evulgavimns
672 2165 781 2215 Κλήμεντος
790 2169 828 2204 τῶν

35 2213 107 2255 Πέτρου
116 2211 223 2251 enitantur
231 2209 356 2259 κηρυγμάτων
365 2209 453 2259 ἐπιτομὴ,
462 2209 495 2256 qui
504 2210 573 2244 titulus
582 2213 612 2245 est
618 2209 751 2257 Homiliarum‚
761 2212 828 2258 sicque

33 2253 156 2290 inscribenda
163 2244 201 2292 iuit
209 2257 299 2303 Epitome
308 2269 320 2292 a
328 2256 418 2292 Turnebo
427 2256 508 2308 primum
517 2255 579 2297 edita,
592 2267 603 2290 a
613 2254 710 2293 Cotelerio
723 2261 743 2294 et
752 2256 828 2294 Clerico

33 2299 117 2345 repetita
122 2303 132 2334 ⁷.
156 2300 244 2348 Utraque
257 2302 317 2349 igitur
329 2313 353 2337 ex
364 2301 455 2337 Homilris
467 2300 546 2347 prodiit.
569 2300 699 2338 Homiliarmn
711 2307 776 2339 autem
788 2315 827 2339 nou

33 2356 104 2391 paucos
118 2346 172 2381 locos
187 2359 210 2383 ex
222 2359 272 2383 nora
284 2347 407 2394 supellectile
420 2346 515 2382 illustrari
527 2358 584 2393 posse
599 2350 657 2393 atque
672 2348 753 2396 corrigi,
768 2348 828 2385 facile

34 2390 72 2426 sibi
82 2391 216 2438 persuadebit,
229 2393 261 2439 qui
272 2392 324 2429 hunc
336 2392 407 2428 librum
415 2391 524 2428 accuratius
532 2392 685 2439 perlustraverit.
710 2394 761 2437 Quas
771 2393 828 2430 Cote-

34 2436 93 2471 lerius
106 2447 116 2471 e
128 2436 228 2472 codicibus
240 2438 354 2483 quibusdam
367 2437 499 2474 bibliothecae
509 2437 610 2473 Parisinae
621 2438 721 2484 Epitomes
734 2439 828 2476 brevioris

34 2480 58 2517 ab
67 2481 110 2528 ipso
118 2485 162 2528 post
171 2481 282 2518 Turnebum
290 2484 361 2519 iterum
369 2483 434 2519 editae
442 2483 506 2519 textui
513 2483 577 2520 varias
585 2483 680 2520 lectiones
689 2484 782 2531 subiecit,
795 2496 828 2521 eas

83 2623 192 2655 ¹Chronicon
201 2625 226 2655 ed.
235 2625 249 2655 1.
259 2624 304 2655 Goar
317 2628 334 2654 et
345 2624 365 2654 A.
373 2623 462 2662 Fabrotti,
476 2624 525 2654 Paris
539 2624 588 2656 1647.
612 2623 646 2656 cfr.
658 2621 737 2663 Siirouur
750 2626 830 2669 ἱστοριῶν

36 2670 61 2699 ed.
74 2670 122 2701 Imm.
135 2671 207 2709 Becker,
221 2672 290 2701 Bomrae
303 2671 353 2701 1838.
376 2666 487 2709 2Ποινὸιύπη
498 2667 532 2699 τῶν
544 2666 635 2710 {perarida
646 2670 681 2702 τῶν
694 2671 747 2704 demin
758 2670 831 2704 ἐντολῶν

35 2713 68 2745 rori
76 2715 147 2758 κυρίου,
160 2717 190 2747 cfr,
199 2716 276 2747 Fabricii
284 2716 331 2747 Bibl.
341 2726 365 2756 gr.
375 2717 401 2747 ed.
409 2716 481 2746 Harless
489 2716 537 2746 Tom.
544 2715 575 2753 XI,
585 2717 605 2746 27
608 2717 624 2747 5.
644 2715 703 2751 ³Hist.
710 2720 757 2751 Eccl.
764 2720 795 2758 III,
804 2721 831 2751 18.

36 2757 113 2792 *Annei
123 2762 148 2793 ed.
157 2763 205 2793 Imm.
214 2763 287 2800 Becker,
296 2763 367 2793 Bonnae
376 2763 420 2793 1836
429 2772 446 2802 p.
455 2762 482 2793 51.
499 2760 506 2779 ⁵
516 2761 618 2795 Gersdort'l.
626 2762 637 2793 1.
647 2772 663 2802 p.
672 2765 703 2795 IX.
719 2763 726 2783 ‘⁵
735 2764 769 2796 Gfr.
779 2765 830 2796 Geru-

39 2806 78 2836 dorf
85 2807 96 2837 1,
105 2807 118 2839 1.
126 2808 184 2838 Praei.
193 2818 209 2848 p.
218 2809 261 2839 Vlll
270 2818 305 2848 sqq.
330 2806 337 2827 ⁷
346 2808 379 2841 Cfr.
388 2809 447 2840 notula
454 2811 513 2839 nostra
522 2809 531 2838 1
541 2808 563 2839 ad
572 2817 608 2848 cap.
616 2810 631 2838 1.
