1827 3065
243 779 599 846 PROLECOMENA.

73 997 89 1031 1.
102 995 182 1044 Insigne
194 993 316 1032 Christianae
327 994 451 1042 antiquitatis
463 995 601 1031 monimentum
616 994 710 1031 traditum
720 993 777 1031 nobis
790 998 821 1030 est

28 1041 48 1076 in
59 1040 281 1089 Recognitionibus
297 1043 317 1077 et
331 1040 351 1076 in
362 1040 477 1076 Homiliis
488 1052 537 1087 quae
549 1043 643 1076 vocantur
654 1039 820 1076 Clementinis.

28 1085 72 1123 Sive
81 1087 132 1123 enim
141 1087 241 1134 ingenium
249 1086 325 1122 illorum
333 1090 439 1132 temporum
448 1086 523 1122 curiose
535 1089 622 1132 spectas,
634 1096 683 1131 quae
695 1084 821 1120 revelationis

26 1131 65 1168 Dei
74 1132 94 1168 in
103 1131 179 1167 Christo
186 1131 250 1168 factae
259 1131 366 1178 primordia·
371 1132 422 1167 inter
430 1135 450 1167 et
461 1129 610 1167 exaedificatam
619 1130 729 1166 Ecclesiam
737 1129 822 1166 medium

28 1178 167 1224 quodammodo
179 1179 256 1220 tenent,
272 1177 313 1213 sive
325 1180 411 1213 veterum
426 1179 535 1213 nostrorum
549 1175 676 1228 disciplinan‚
691 1176 732 1212 sive
759 1176 822 1212 uaeris

27 1223 183 1270 antiquissimam
190 1222 283 1258 historiae
292 1222 403 1270 dogmatum
414 1222 574 1267 illustrationem,
587 1221 637 1257 nihil
648 1233 713 1258 eorum
724 1221 752 1264 ini
766 1221 773 1256 i
783 1233 823 1258 non

27 1270 117 1316 reperies.
143 1267 194 1311 Quid
205 1268 269 1303 dicam
280 1268 304 1304 de
315 1268 390 1315 origine
398 1266 451 1303 haud
461 1279 565 1313 paucarum
576 1267 703 1303 traditionum
714 1268 747 1303 vel
759 1266 822 1303 doctis

27 1315 96 1361 pennis
110 1313 194 1360 sequiori
206 1317 292 1358 tempore
304 1313 350 1349 hinc
362 1313 490 1357 excultarum,
503 1312 535 1349 vel
546 1312 614 1360 populi
625 1324 657 1349 cre
680 1315 822 1361 ropagatarum,

28 1360 75 1406 quid
83 1359 107 1395 de
116 1358 239 1395 Christianae
247 1359 360 1395 literaturae
368 1370 417 1400 novo
428 1369 499 1406 genere
510 1358 554 1395 heic
564 1359 646 1405 primum
659 1325 724 1403 obvio,
736 1358 823 1394 fabulam

26 1405 127 1453 religionis
140 1417 163 1441 ae
175 1403 310 1451 philosophiae
321 1404 401 1451 placitis
412 1408 520 1451 pertextam
536 1408 684 1449 exornatamqne
699 1403 784 1441 suaviter
799 1416 823 1440 ac

28 1450 120 1498 graphice
129 1450 240 1494 enarrandi,
249 1453 271 1485 ut
280 1461 318 1497 qua
324 1450 368 1486 aliis
374 1449 483 1486 insinnetur
489 1449 577 1486 doctrina
583 1449 638 1497 ipsa?
651 1449 728 1487 idcirco
735 1450 823 1497 erlongo

28 1496 74 1533 inde
82 1500 168 1543 tempore
176 1507 211 1543 per
218 1499 331 1532 nascentem
339 1506 411 1543 perque
419 1496 506 1532 adultam
514 1495 623 1532 Ecclesiam
631 1496 707 1543 utrique
720 1507 730 1532 o
746 1495 774 1531 eri
785 1497 823 1531 sin·

29 1542 96 1590 gulare
105 1541 201 1589 quoddam
210 1541 295 1577 studium
302 1541 389 1577 videmus
398 1541 510 1589 impensum.
533 1540 561 1577 At
572 1553 616 1578 vero
628 1541 702 1578 factum
713 1541 720 1577 i
745 1541 774 1577 ita
785 1544 822 1587 est,

28 1591 51 1624 ut
58 1588 109 1630 inter
117 1588 136 1624 le
151 1587 222 1624 endum
230 1598 253 1623 ac
261 1587 409 1623 describentium
422 1587 507 1635 genuina
517 1587 594 1634 quidem
603 1587 665 1624 dulcis
672 1586 751 1623 fabulae
760 1587 823 1623 minus

28 1645 85 1680 quam
91 1600 162 1670 indoirs
169 1633 287 1669 lineamenta
292 1632 393 1680 archetypi
399 1633 423 1669 cb
430 1632 510 1669 nimium
516 1645 571 1669 nsum
577 1644 638 1679 usque
646 1634 695 1669 adeo
704 1633 823 1678 evanuerint,

29 1683 52 1715 ut
60 1679 117 1726 quale
125 1690 177 1715 nunc
186 1682 216 1715 est
223 1682 302 1732 propter
311 1678 452 1715 deformitatem
459 1678 567 1723 ridiculum,
576 1682 632 1725 impe
641 1679 665 1715 ob
675 1678 822 1714 similitudinem

29 1725 91 1761 videri
102 1726 169 1771 possit.
194 1723 253 1760 Cuius
264 1724 362 1760 reicausa
372 1724 421 1760 haec
433 1728 472 1767 est,
485 1723 546 1770 quod,
559 1736 603 1760 cum
614 1723 732 1760 saeculorum
741 1723 824 1760 decursu

29 1770 124 1818 paulatim
136 1783 148 1807 a
159 1769 262 1818 primorum
274 1769 365 1806 credendi
376 1781 442 1806 norma
454 1769 580 1815 aberraverit,
593 1773 668 1806 tantam
676 1769 733 1806 tortis
741 1769 823 1817 politum

28 1816 123 1852 erroribus
136 1816 263 1862 corruptelam
272 1819 305 1851 est
317 1819 425 1862 expertum,
437 1818 467 1859 ut,
481 1815 571 1863 dogmate
583 1815 685 1852 Ecclesiae
698 1815 778 1852 adultae
789 1827 824 1862 per

28 1861 115 1897 divinum
127 1873 135 1897 s
150 1861 215 1897 iritum
227 1860 365 1897 moderatorem
373 1872 412 1896 non
420 1860 493 1907 absque
501 1860 576 1897 ratione
585 1861 716 1907 consolidato,
728 1872 790 1907 neque
802 1860 823 1897 in

29 1908 68 1942 suis
77 1874 171 1943 erroribus
181 1907 296 1950 consistere,
309 1918 371 1953 neque
379 1910 433 1942 recto
441 1907 519 1943 tramite
531 1907 591 1943 semel
601 1907 671 1944 relicto
683 1907 708 1943 ad
720 1908 822 1955 neglectos

28 1952 93 1989 fontes
106 1952 161 1989 facili
176 1951 256 1999 negotio
268 1952 356 1988 revocari
367 1952 459 1998 potuerit.
482 1952 652 1989 Vernmenimrero
668 1953 685 1988 si
700 1956 736 1990 rori
747 1957 823 2000 Πέτρου

29 1998 148 2051 κηρύγματος
156 2000 191 2035 τοῦ
199 1998 256 2035 πάλαι
263 1998 362 2034 restitutio
371 1998 391 2033 in
399 1997 497 2046 integrum
503 1999 542 2034 iam
549 2009 580 2034 res
589 2004 629 2043 est,
638 2010 687 2045 quae
693 1999 726 2034 vix
732 1998 824 2045 fieripcs·

29 2043 66 2088 sit,
74 2042 199 2080 mhilominns
209 2055 251 2088 ece,
261 2043 294 2090 qui
305 2043 424 2079 eiuscemodi
434 2043 504 2079 studiis
514 2055 591 2090 operam
599 2048 680 2089 navant,
689 2055 724 2090 pro
734 2055 825 2080 successu

29 2089 116 2125 adiutum
124 2090 148 2125 iri
155 2092 212 2136 puto,
222 2089 239 2125 si
247 2089 315 2126 critica
323 2088 441 2125 adminicula
450 2091 618 2136 quantulacunque
626 2102 676 2126 nova
684 2089 704 2125 in
712 2090 776 2126 lucem
781 2101 824 2136 pro-

28 2134 121 2171 ferantur.
145 2135 174 2170 Ae
183 2132 205 2171 eo
214 2135 274 2182 pluris
284 2146 327 2171 esse
335 2134 426 2171 facienda
434 2136 469 2170 illa
477 2138 565 2182 apparet,
579 2146 616 2181 quo
625 2136 700 2182 aptiora
708 2135 748 2171 sint
757 2135 782 2170 ad
791 2135 823 2172 de·

29 2180 174 2228 monstrandum
185 2181 249 2216 varias
261 2181 356 2226 rationes,
372 2180 441 2227 quibus
455 2179 561 2216 Christiani
571 2180 635 2227 ipsum
649 2183 723 2226 Πέτρου
736 2180 824 2231 κήρυγμα
856 2219 858 2221 ,

28 2224 115 2261 homines
124 2226 145 2261 in
152 2237 207 2271 usum
216 2237 270 2261 suum
279 2227 414 2269 converterint.
427 2225 479 2261 Hinc
486 2226 537 2261 enim
542 2225 661 2262 luculentius
668 2226 756 2270 clarebit,
765 2226 824 2272 quod-

29 2282 74 2306 nam
83 2270 186 2306 discrimen
193 2270 290 2307 Homilias
299 2272 349 2307 inter
357 2275 378 2307 et
385 2271 489 2318 Epitomen
497 2271 616 2316 intercedat,
628 2283 664 2308 nec
676 2283 733 2318 posse
745 2271 824 2315 aliunde

30 2316 54 2351 de
63 2315 227 2352 Clementinorurn
233 2316 315 2352 historia
323 2316 371 2352 satis
379 2320 433 2352 recte
442 2316 554 2353 existimari.

75 2362 91 2397 2.
104 2361 158 2404 Quae
171 2373 213 2396 cum
224 2361 314 2406 itasint,
326 2362 374 2397 viris
387 2362 449 2398 doctis
461 2365 480 2398 et
488 2362 611 2409 potissimum
619 2362 717 2409 theologis
724 2374 765 2398 rem
772 2361 826 2397 haud

30 2405 127 2453 ingratam
135 2418 165 2443 me
173 2406 269 2449 facturum
283 2419 291 2441 s
307 2407 392 2452 erabam,
406 2407 423 2442 si
432 2407 559 2444 Clementinis
572 2419 615 2444 cum
627 2419 651 2443 ex
661 2407 825 2444 bibliothecarum
864 2408 866 2411 '

42 2453 108 2488 uivere
120 2463 143 2488 ac
154 2451 222 2488 umbra
232 2455 297 2498 pertra
312 2453 366 2488 endis
379 2456 419 2488 tum
429 2465 474 2489 cura
482 2454 551 2489 critica
558 2452 700 2506 pertractandis
708 2464 776 2488 manus
785 2456 825 2488 stu-

25 2522 27 2526 ·
45 2498 120 2544 ‘umque
132 2498 233 2534 admovere
245 2508 350 2545 pergerem.
373 2496 405 2534 Ab
419 2498 476 2534 huius
491 2506 543 2535 certe
557 2499 642 2534 instituti
656 2498 731 2534 ratione
739 2511 740 2514 ¹
747 2509 825 2544 prorsus

30 2543 116 2580 alienum
123 2543 162 2579 tirit
169 2544 213 2590 plns
221 2542 273 2579 ultra
279 2543 379 2590 progredi,
389 2555 445 2589 quam
453 2555 487 2590 pro
495 2555 515 2580 re
524 2547 570 2590 nata
578 2547 664 2590 exparte
675 2543 762 2580 literaria
769 2544 826 2590 posci

30 2589 132 2626 videretur.
149 2589 205 2633 Quod
214 2590 231 2625 si
238 2601 272 2636 pro
281 2592 364 2636 angusto
373 2589 436 2635 spatio
444 2589 589 2637 Prolegomenis
599 2600 692 2625 concesso
701 2588 744 2626 fieri
751 2590 825 2636 potuis-

31 2639 70 2680 set,
82 2635 274 2683 praetermittendum
284 2639 349 2671 tamen
360 2637 410 2679 erat,
424 2635 469 2681 quia
476 2646 513 2671 nec
521 2635 613 2671 valetudo
621 2634 707 2681 infirma,
718 2647 755 2672 neo
763 2648 826 2672 rerum

30 2681 138 2718 adversitas
150 2681 171 2717 id
183 2682 220 2718 rite
232 2693 256 2718 ac
267 2681 312 2718 libri
323 2680 375 2717 fama
386 2680 445 2728 digne
455 2680 595 2717 absolvendum
604 2682 728 2718 concesserit.
750 2682 826 2718 Exosus

1 2769 3 2791 N
31 2727 102 2808 quippe
114 2727 231 2764 eiuscemodi
243 2728 312 2763 studiis
325 2727 363 2763 iste
375 2730 414 2771 est,
428 2726 459 2763 cni
470 2727 562 2763 continuo
574 2738 617 2763 cum
628 2727 681 2765 ritae
690 2727 786 2768 aerumnis
797 2727 805 2762 l
819 2748 826 2754 -

3 2792 4 2797 =
31 2775 77 2809 ctan
90 2784 127 2808 um.

46 2861 50 2869 .
76 2819 93 2854 3.
106 2818 144 2861 Qui
155 2830 179 2855 ex
189 2817 256 2854 Rufini
267 2818 443 2865 Recognitionibus
453 2829 463 2854 e
473 2817 548 2855 Craeco
557 2829 644 2855 sermone
655 2818 717 2855 latine
725 2817 786 2854 versis
797 2817 827 2853 nil

31 2862 69 2897 nisi
80 2875 150 2900 nomen
161 2863 316 2901 Itinerarium
327 2864 397 2900 Petri·
404 2865 435 2900 vel
446 2865 514 2901 breves
527 2864 634 2900 sententias
645 2865 677 2900 vel
688 2864 772 2912 prolixas
781 2862 826 2899 affe-
