1824 3065
94 172 137 214 310
301 178 686 217 numennnnr'ruramrr.carra

97 283 196 320 exstitisse
203 283 326 329 scripturam:
336 280 380 322 oda,-
388 284 406 317 εἴ
413 294 441 322 τις
450 281 471 318 δὲ
480 283 612 327 συλλογισθείη
621 282 768 327 συναρπασθείς,
777 278 838 324 τὴν-
845 281 890 327 ἔχεις

97 334 127 365 et:
143 330 196 377 ⁰526·
209 334 238 370 τίς
249 329 271 364 δὲ
287 330 355 363 sotto
375 330 462 367 ισθτὶς,
475 329 617 370 συναρπασθεὶς
631 322 665 369 τὴν
677 344 700 350 -
714 327 762 371 ἔχεις
774 344 797 351 -
809 323 833 360 V.
845 325 891 374 3sq.

98 387 156 422 quum
166 386 212 410 sana
220 385 258 409 non
266 383 308 408 esse
317 339 439 419 inteiligeret
445 371 580 418 Schweglerus
587 370 655 406 verba:
668 369 691 406 οὗ
698 369 734 419 pap
742 369 753 415 ἡ
762 369 850 406 too-aea
860 376 892 409 τοῦ

98 422 217 460 ἐκδικοῦντος
225 417 304 463 ἀλήθειά
311 420 353 455 ἐστι,
361 420 396 454 τοῦ
404 421 518 461 νικωμένου,
528 417 549 452 id
558 415 609 463 quod
618 419 736 462 postremum
745 418 775 451 est
782 416 892 454 mutandum

98 466 190 503 censebat
206 466 226 499 in
244 462 383 512 νικηφόρου.
407 457 492 499 Facilius
513 474 550 509 ego
572 462 649 498 credam
666 462 758 507 scriptum
773 460 834 497 fuisse
851 467 892 500 aut:

97 513 218 552 νικῶντος,
234 513 275 545 aut:
291 511 425 552 νικοττοιοῦ.
449 508 506 546 Prius
517 508 567 555 iliud
582 506 711 543 commendari
727 506 798 554 aliquis
815 506 867 543 dicat
882 520 893 545 a

98 556 172 592 codicis
182 554 197 591 Ο
207 555 315 601 scriptura:
328 554 438 596 νικώμενος,

142 600 163 636 P.
172 600 212 645 361,
221 602 244 637 13
255 600 322 636 nescio
332 611 366 636 cur
373 587 485 637 Presseiius
495 598 588 647 spreverit
599 598 672 634 codicis
681 596 697 633 Ο
710 597 826 645 scripturam
834 602 892 635 noto-

96 650 117 683 λο
132 650 165 687 ίας.

119 661 131 694 γ
143 691 164 727 P.
173 691 214 736 362,
222 691 233 726 1
241 702 281 727 non
293 691 343 727 male
354 690 415 727 habet
426 691 499 727 codicis
509 690 525 726 Ο
535 690 631 737 scriptura
643 691 689 739 11ης.
700 709 724 715 —
738 687 762 724 V.
771 689 782 725 5
791 698 832 734 sqq.
845 699 892 734 qnae

97 740 186 784 corrupte
195 737 269 773 tradita
278 737 350 773 suntin
359 737 413 772 libris
421 748 477 772 mscr.
489 736 617 783 probabiliter
627 734 719 771 tractauit
729 733 848 771 Uhihornius
857 735 869 769 1.
878 747 892 771 c.

112 783 164 828 ‚283
173 783 217 818 adn.
225 783 236 818 3
245 786 265 818 et
272 784 289 819 2,
308 782 347 819 cfr.
356 782 415 818 etiam
425 786 511 818 nostram
521 782 564 817 adn.
577 781 603 818 ad
613 793 632 828 p.
640 781 681 826 368,
689 781 712 816 10
719 790 760 827 sqq.
769 790 817 815 vers.
829 778 861 816 fin.
871 800 893 808 —-

96 795 120 864 V.
125 829 148 864 12
155 829 265 875 scrupulum
271 828 347 874 injiciat
354 828 418 871 aiicui,
427 828 478 874 qnod
484 827 595 863 Dresselius
601 827 661 862 verba
667 826 729 861 latina
735 825 809 861 faciens
817 826 891 872 posuit:

98 886 174 917 „eoram
185 874 256 920 populo
271 873 347 918 dociIi“‚
360 877 451 918 tanquam
461 884 508 919 prae
520 872 580 908 oculis
592 871 702 908 habuisset:
718 872 813 922 εὐμαοῶν.
832 870 858 906 At
870 872 892 908 ab

98 919 158 966 ipsius
170 918 282 954 amanuensi
289 929 356 954 revera
365 922 463 953 enotatunr
472 920 511 953 est:
521 917 599 968 εὐμαθῆ.

142 964 163 999 P.
172 963 212 1009 363,
221 964 265 1009 9sq.
274 964 346 999 editum
355 966 385 999 est
394 974 417 998 ex
423 963 489 999 libris:
500 962 545 1004 τοὺς
550 966 623 1011 πατέρα
631 965 743 1010 νομίζοντας
751 963 798 998 εἶναι
807 964 893 1011 Χριστοῦ

99 1010 133 1046 τὸν
141 1011 208 1055 Δαβίὸ,
216 1013 247 1045 καὶ
255 1009 313 1046 αὐτὸν
322 1011 342 1045 δὲ
351 1008 386 1045 τὸν
394 1008 481 1056 Χριστὸν
491 1009 532 1045 οἷὸν
543 1008 596 1051 ὄντα,
605 1012 635 1045 καὶ
644 1008 686 1045 υἱὸν
699 1010 747 1046 Θεοῦ
755 1006 781 1056 μὴ
790 1009 894 1055 ἐγνωκέναι.

99 1054 246 1090 Sehliemannns
258 1058 278 1090 et
293 1053 426 1101 Schweglerus
440 1058 558 1100 postremum
570 1053 685 1090 vocabulum
699 1053 812 1088 mutandum
827 1063 893 1088 censu-

100 1105 154 1136 erant
162 1100 192 1135 in:
207 1100 316 1147 ἒννωκότιις,
339 1101 382 1147 Ego
389 1099 455 1146 potins
462 1100 542 1136 verbum
551 1099 630 1146 aliquod
638 1098 726 1134 eristImo
735 1097 863 1144 intercidisse,
873 1110 895 1134 er

100 1157 136 1192 quo
145 1146 239 1193 penderet
247 1145 356 1181 infinitivus
366 1148 470 1192 ἐγνωκέναι.
491 1146 594 1182 Praeterea
603 1144 670 1180 dubito
678 1156 724 1179 num
732 1144 817 1192 genuina
826 1143 852 1178 sit
860 1155 896 1180 vox

99 1191 162 1230 αὐτὸν.
186 1192 250 1227 Tento
259 1192 327 1239 igitur:
335 1195 366 1228 καὶ
374 1191 447 1228 αὑτοῦ
458 1193 480 1229 δὲ
493 1191 527 1228 τὸν
535 1197 572 1239 Χρ,
581 1190 624 1228 υἱὸν
634 1194 755 1238 λέγοντας,
768 1193 799 1226 καὶ
806 1211 830 1215 —
839 1191 895 1237 ἒννω-

99 1242 156 1275 κέναι.
172 1259 196 1264 -
210 1237 235 1272 V.
244 1238 265 1272 12
273 1237 403 1283 reponendum
412 1248 491 1273 censeo:
501 1236 526 1274 τό
535 1235 660 1277 τείττιίξαντα
667 1239 733 1273 εἰπεῖν.
750 1257 773 1261 -
788 1234 812 1271 V.
821 1236 843 1271 13
852 1235 895 1271 scri-

98 1286 154 1329 ptum
163 1283 244 1330 iegitur:
254 1282 311 1319 αὐτὸν
320 1282 361 1319 οἷὸν
370 1282 416 1320 ὅντα
424 1283 457 1319 οὐκ
465 1283 547 1333 ᾔδεισαν.
571 1281 598 1317 Α1
610 1281 675 1317 nescio
689 1292 714 1317 an
727 1280 849 1317 scribendum
861 1281 895 1316 sit:

99 1328 158 1365 αὐτὸν
168 1331 227 1367 Θεοῦ
236 1328 279 1365 υἱὸν
287 1332 333 1364 cett.
356 1328 426 1364 Forma
433 1328 518 1375 ἥδεισαν,
531 1340 565 1375 pro
574 1339 612 1374 qna
624 1327 684 1363 codex
693 1325 708 1363 Ο
717 1326 807 1374 praebet:
819 1326 896 1377 ᾔδησαν,

98 1373 119 1409 in
127 1377 209 1420 utroque
217 1373 267 1409 libro
275 1386 331 1409 mser.
339 1368 459 1420 reperitur'p.
468 1375 507 1420 320,
517 1375 537 1409 11
548 1376 568 1410 et
576 1374 615 1418 361,
624 1374 640 1409 9,

144 1419 166 1455 P.
175 1419 235 1463 atet
251 1419 327 1454 mireris
339 1419 413 1454 intacta
424 1419 494 1455 relicta
504 1431 547 1455 esse
559 1419 583 1455 ab
594 1418 698 1454 editoribus
712 1417 780 1453 verba:
798 1421 822 1454 nt
834 1419 860 1459 δέ,
874 1416 896 1458 ὡς

102 1465 149 1545 ἕης,
164 1466 218 1501 ἔσται
230 1464 295 1501 11116
308 1466 376 1502 strofa
393 1464 424 1500 aa
438 1467 473 1501 τοῦ
485 1466 546 1510 Ἰησοῦ
560 1467 595 1502 νῦν
610 1462 784 1501 ἔιττοκαλύτττεοοαι.
808 1461 895 1499 8111111-

115 1521 181 1546 umne:
191 1513 244 1548 ἔσται
253 1511 306 1546 δέον
315 1509 336 1546 τὸ
346 1512 415 1547 εἰδέναι
424 1510 484 1546 cett?
496 1509 640 1547 81111111οτδέον
648 1511 688 1546 ἐστὶ
709 1520 730 1545 ro
739 1511 770 1545 δεῖ
775 1509 860 1555 positum
867 1511 896 1544 est

99 1556 120 1591 in
127 1556 179 1602 Epir.
188 1555 246 1601 prior.
256 1554 277 1591 C.
286 1555 351 1591 XCVI
360 1558 380 1591 et
388 1553 433 1591 Act.
442 1554 461 1590 A
475 1556 531 1592 ostol.
540 1555 596 1600 XIX,
605 1556 633 1591 36.
646 1576 670 1581 -
700 1555 724 1594 „5
737 1555 804 1590 nescio
815 1554 895 1591 anteci-

101 1601 173 1649 pienda
181 1601 240 1636 fuerit
249 1612 273 1636 ex
280 1600 366 1648 margine
376 1600 449 1637 codicis
459 1568 474 1637 8
484 1601 578 1647 scriptura
586 1599 701 1647 κρειττόνως.

136 1647 167 1683 P.
176 1647 216 1692 365,
226 1647 236 1681 1
244 1658 312 1682 vocem
319 1661 358 1695 μου
366 1646 499 1683 transmissam
506 1647 527 1682 in
533 1646 600 1683 codice
610 1644 625 1682 Ο
635 1646 652 1680 si
659 1650 712 1681 recte
718 1645 793 1692 recepit
800 1656 823 1681 ex
831 1645 896 1681 codice

101 1690 242 1734 CDresseIius,
257 1696 359 1738 propterea
368 1691 419 1738 quod
427 1692 499 1739 legitur
506 1692 577 1728 Psalm.
586 1691 698 1736 LXXVIII,
710 1691 721 1726 2
730 1691 767 1739 (sic
776 1691 897 1727 scribendum

99 1738 164 1774 adnot.
177 1738 194 1783 1)
203 1740 222 1773 et
230 1737 300 1773 Matth.
308 1737 344 1782 ΙΠ,
355 1738 383 1782 35,
398 1749 437 1773 non
448 1740 496 1774 item
508 1741 538 1774 est
549 1738 658 1773 laudandus
670 1736 722 1783 quod
734 1735 807 1773 codicis
819 1736 835 1772 Ο
852 1736 897 1773 scri·

113 1788 175 1819 turam
183 1782 281 1833 ἐρεύξομαι
289 1795 328 1819 non
334 1783 418 1830 recepit,
433 1784 504 1831 quippe
517 1794 566 1830 quae
578 1783 637 1820 etiam
649 1794 661 1818 a
674 1781 777 1819 ndMatth,
785 1782 896 1829 reperIatur,

99 1795 190 1865 derorum
203 1828 236 1864 cfr.
248 1839 297 1874 quae
309 1828 410 1864 adnotavit
420 1829 540 1866 Uhihornins
552 1830 564 1864 1.
576 1842 592 1865 e.
609 1841 627 1876 p.
636 1796 674 1864 HV.
690 1849 714 1855 -
729 1827 753 1865 V.
764 1828 786 1863 16
798 1828 864 1864 neseio
872 1840 897 1863 an

102 1877 188 1922 praestet
197 1874 271 1909 codicis
281 1873 296 1908 O
306 1874 401 1921 scriptura
410 1875 518 1923 τὸγνῶναι.

147 1919 169 1955 P.
177 1919 218 1963 366,
227 1919 249 1954 13
258 1918 305 1954 ferri
313 1919 390 1965 quidem
398 1923 464 1966 potest
472 1919 545 1956 codicis
554 1919 570 1957 Ο
579 1920 647 1956 lectio:
660 1918 803 1970 κληρονομήσει,
812 1919 847 1955 sed
853 1920 896 1966 jure

101 1976 141 2000 non
156 1964 245 2010 praelata
257 1967 288 2000 est
300 1965 373 2000 codicis
386 1965 401 2001 O
414 1965 530 2011 scripturae:
547 1965 688 2014 κληρονομήσω,
711 1965 757 2001 Non
771 1965 833 2001 solum
846 1964 897 2011 apud

101 2010 176 2046 Lueam
189 2009 264 2055 XVHI,
275 2010 297 2044 16
310 2009 346 2053 (sic
358 2011 408 2045 enim
421 2011 544 2047 scribendum
555 2011 598 2047 adn.
610 2005 630 2054 71¹
638 2011 741 2057 reperitur:
754 2012 895 2058 κληρονομήσω,

101 2067 166 2092 verum
175 2055 235 2090 etiam
243 2055 264 2090 in
272 2055 314 2102 ipso
323 2055 390 2091 codice
399 2054 415 2091 O
424 2068 481 2102 supra
489 2068 508 2102 p.
516 2057 556 2100 355,
564 2057 576 2092 3
588 2068 610 2092 ea
622 2057 665 2103 ipsa
673 2056 769 2102 scriptura
777 2061 854 2092 seruata
862 2058 897 2092 est.

146 2102 167 2136 P.
177 2100 217 2145 367,
223 2102 245 2136 12
253 2112 292 2137 non
299 2112 346 2147 opus
354 2104 384 2136 est
392 2102 510 2137 correctione
517 2113 529 2137 a
536 2101 618 2138 Davisio
628 2102 766 2145 commendata,
775 2113 832 2148 quum
839 2102 897 2138 etiam

103 2146 152 2183 aiibi
161 2146 227 2187 ὅμοιός
236 2159 288 2188 τινος
296 2147 322 2182 sit
331 2147 413 2191 „similis
422 2146 524 2193 alicujus&

146 2192 168 2228 P.
176 2191 216 2236 363,
224 2192 237 2227 4
245 2191 319 2228 editum
327 2196 357 2228 est
370 2192 475 2229 secrnrdum
487 2191 638 2240 Schweglerum:
655 2191 778 2240 κατεπλάηιης,
795 2192 824 2229 ὅτι
836 2193 896 2230 εἷπον.

100 2236 156 2272 Libri
162 2237 244 2273 habent:
258 2237 287 2274 ὅτι,
295 2236 311 2273 ἃ.
334 2238 402 2274 Facile
411 2241 500 2285 apparet,
508 2238 557 2274 haec
564 2238 623 2274 rerba
631 2249 654 2273 ex
663 2237 743 2273 diversis
751 2238 896 2274 reeensionibus

101 2281 165 2328 petita
173 2293 216 2317 esse
225 2282 272 2318 etin
280 2295 338 2319 unum
348 2288 454 2331 compacta.
467 2282 518 2320 Sane
526 2284 587 2332 igitur
595 2284 708 2320 alterutrum
717 2287 758 2320 erat
766 2284 896 2320 transmitten-

102 2329 152 2363 dum.
169 2327 208 2363 Sed
216 2329 282 2364 nescio
291 2340 316 2364 an
323 2330 388 2375 potins
397 2329 427 2366 ὅτι
436 2341 493 2376 quam
500 2329 512 2367 ἵὶ
521 2331 649 2376 spernendum
657 2329 732 2375 fuisset,
741 2330 793 2377 qnod
800 2330 895 2377 posterius

101 2373 173 2421 optime
183 2376 293 2409 construere
302 2374 350 2410 licet
359 2387 402 2411 eum
409 2374 530 2423 κατεπλάνης.
679 2418 681 2420 Υ

147 2420 169 2455 Ρ.
178 2419 219 2462 310,
228 2419 250 2454 16
260 2424 378 2468 προσέμενος
386 2420 508 2457 scribendum
517 2424 558 2457 erat
566 2420 672 2457 secundum
681 2420 768 2457 codicem
777 2420 799 2458 Ο.

146 2465 168 2501 Ρ,
176 2465 217 2507 311,
226 2464 237 2499 8
246 2464 319 2499 codicis
329 2464 344 2500 Ο
361 2466 456 2512 scriptura
470 2467 587 2516 ἀττοκρίθητι
598 2466 675 2502 minime
687 2466 734 2502 talis
748 2469 778 2502 est
790 2477 839 2513 quae
851 2466 897 2503 ferri

99 2512 191 2557 nequeat,
199 2508 232 2545 cfr.
240 2521 259 2555 p.
267 2509 295 2550 71,
303 2512 331 2554 15,
339 2510 394 2556 atat
404 2515 423 2547 et
428 2512 514 2548 Lobeck.
522 2512 548 2547 ad
553 2511 624 2558 Phryn.
632 2525 650 2558 p.
658 2513 701 2557 1083
710 2523 825 2559 quamquam
830 2523 897 2548 verum

100 2555 169 2601 est,nti
176 2556 238 2591 solere
245 2555 296 2607 bunc
303 2555 415 2602 scriptorem
420 2558 515 2594 vocabulo
521 2571 525 2593 :
532 2557 637 2608 ἀπόκριναι.
643 2557 716 2600 -Quae
722 2559 809 2604 proxime
816 2569 897 2604 sequun-

100 2605 132 2637 tur
140 2600 199 2637 verba
207 2605 280 2636 arctius
289 2612 332 2636 cum
340 2603 458 2648 antegressis
467 2603 597 2639 construenda
604 2607 659 2648 sunt,
667 2604 697 2639 ita
703 2607 726 2639 ut
734 2607 779 2640 ante
788 2605 854 2649 ἐπειδὴ
861 2604 896 2640 VIr-

101 2647 147 2694 gula
155 2646 252 2682 incidatur
260 2649 280 2682 et
289 2650 334 2682 ante
345 2649 367 2683 οὑ
376 2652 444 2685 εἵνεκεν
451 2653 543 2694 punctum
550 2650 612 2695 majus
621 2650 701 2686 locetur.
713 2648 818 2686 Praeterea
826 2661 869 2685 eum
876 2649 897 2684 in

100 2692 177 2727 modum
184 2695 230 2727 sunt
236 2692 321 2736 trnbata,
328 2695 350 2726 ut
357 2703 392 2737 ego
400 2693 476 2738 quidem
484 2694 507 2730 de
514 2694 561 2740 ipsis
569 2697 621 2730 certo
626 2695 751 2731 restituendis
759 2696 863 2741 desperem.
877 2694 897 2730 Si

101 2741 166 2773 tamen
174 2737 204 2773 fas
213 2738 239 2773 sit
248 2738 373 2785 conjectandi
380 2737 486 2783 periculum
495 2740 569 2784 facere,
578 2740 607 2775 ita
618 2740 658 2776 fere
670 2741 762 2787 seriptum
770 2741 830 2776 fuisse
845 2741 897 2776 dixe-

101 2782 174 2817 rIm:—
182 2783 254 2830 ἐπειδή,
264 2784 288 2825 ὡς
297 2784 328 2832 ἀφ’
339 2787 365 2821 ὠν
374 2782 467 2831 ἀπ’ἆοχῆς
475 2785 580 2830 ἔπακηκοώς
589 2789 638 2834 εἰμι,
647 2788 755 2834 ἐπίσταμαι,
761 2788 823 2833 μηθὲν
832 2784 897 2835 ἕτερόν

103 2840 133 2865 σοι
143 2827 245 2874 πρόκεινται,
254 2828 267 2875 ἢ
275 2829 327 2880 πάσῃ
335 2831 410 2879 μηχανῇ
419 2829 453 2865 τὸν
462 2830 578 2878 δημιουργὸν
590 2830 649 2868 αὐτὸν
658 2833 716 2871 δεῖξαι
726 2831 788 2881 μόνον
796 2831 898 2880 ἄμεμπτον

103 2876 150 2911 εἶναι
160 2873 213 2915 Θεόν,
221 2879 252 2911 καὶ
263 2878 337 2913 συννοῶ
346 2888 368 2912 σε
376 2876 470 2912 τοσοῦτον
477 2875 542 2913 πόθον
551 2877 618 2922 ἔχοντα
630 2879 671 2913 τοῦ
682 2882 795 2928 προαίρεσιν
803 2880 897 2928 διισχυρί-
