1827 3065
335 113 440 147 marcum
451 113 527 146 Pincia.
805 102 831 144 11

6 225 7 232 ’
42 236 101 273 neque
110 233 141 258 ees
151 230 197 265 quos
207 216 298 262 diligunt,
308 223 376 249 uxores
386 212 471 258 inquam,
484 217 503 248 ct
512 212 563 248 filios
574 215 633 257 atque
642 213 714 247 amicos
723 211 747 247 ad
756 211 792 247 hoe
801 224 832 247 11-

42 271 143 311 hcrtcntur.
167 263 216 300 Nam
225 262 242 296 si
250 259 356 302 crederent,
365 258 425 293 vitam
434 262 531 294 aeternam
543 269 586 293 cum
593 258 651 293 bonis
659 257 749 304 operibus
758 258 778 293 in
785 258 832 304 bap-

42 321 96 357 tismo
105 325 117 349 a
124 311 167 346 Deo
176 306 248 350 donari,
257 306 315 351 plane
323 316 356 340 cos
365 314 412 350 quos
421 304 525 351 diligerent
534 304 559 342 ad
570 304 626 338 illum
637 303 782 349 suscipiendum
790 303 833 339 lior-

44 364 129 401 fflenon.
143 353 222 397 Quando
232 350 314 396 deniqne
324 362 356 386 eos
366 350 432 385 vident
440 356 546 398 aegrotare,
555 354 589 385 aut
595 349 616 385 in
623 350 690 384 mortis
697 350 748 384 viam
755 349 832 392 abduci,

1 398 3 400 r
43 412 75 447 aut
83 404 121 441 alia
129 400 210 436 molesta
219 396 320 440 sustinere,
330 407 363 431 cur
370 399 450 442 gemunt
458 408 481 432 11
493 397 588 433 ducuntur
600 394 781 431 commiseratione?
802 394 833 430 lta

45 456 60 491 si
69 449 171 488 crederent,
180 445 245 491 ignem
253 444 367 488 perpetuum
375 452 451 477 manere
460 453 493 477 eos
502 443 535 489 qui
542 443 606 478 Deum
615 445 654 477 non
663 441 735 485 colunt,
744 453 783 476 ncn
792 452 832 477 ces—

44 499 106 535 serent
116 501 193 527 monere
203 489 234 523 vel
247 498 304 533 super
315 486 355 521 illis
366 487 441 533 plorare
450 490 469 522 et
477 489 562 534 graviter
570 488 644 532 dolere,
657 488 701 522 dum
711 498 743 522 ecs
753 489 833 522 cernunt

44 556 80 580 non
92 538 162 574 habere
176 534 239 570 fidem.
264 533 329 579 Atque
343 543 395 567 nunc
412 530 509 579 hospitam
523 536 622 570 evocatam
640 532 773 580 interrogabo,
788 543 833 566 num

45 591 105 634 legem
112 585 197 619 nostram
205 578 253 614 velit
261 577 363 624 amplecti,
376 581 395 613 et
404 577 432 613 ita
440 583 579 625 consequenter
591 591 639 625 (luae
648 582 725 626 oportet
733 578 832 614 faciemus⁴

44 634 104 669 Mater
116 631 180 664 antem
191 628 265 668 vestra,
277 623 368 670 quoniam
378 626 434 670 prout
447 624 503 660 decet
513 624 591 661 fidelem
601 625 621 660 in
634 625 733 671 baptisma
748 623 833 659 animae

46 681 79 721 cst,
88 677 132 712 ante
139 671 257 717 baptismum
265 669 338 705 ieiunet
345 680 383 705 uno
393 669 429 704 die.

88 729 157 767 CVIII.
180 725 208 762 At
218 726 253 761 illa
264 725 348 769 imabat,
361 736 382 761 se
395 726 468 762 duobus
481 728 609 773 superioribus
621 727 699 771 diebus,
715 727 759 761 dum
767 729 833 762 narrat

46 775 118 815 mulieri
125 771 265 820 recognitionis
274 776 373 815 eventum,
381 783 427 818 prae
435 773 495 808 multo
504 773 575 819 gaudio
585 773 648 809 cibum
656 785 695 808 non
704 772 785 818 cepisse,
795 772 833 807 nisi

45 823 104 871 pridie
113 821 212 855 dumtaxat
219 816 305 863 paullum
314 827 380 863 aquae.
397 816 433 852 Cui
442 818 548 854 iruamento
558 822 577 854 et
584 831 631 854 uxor
638 818 692 854 Petri
701 817 833 853 testimonium

45 866 131 917 praebuit
140 864 212 906 dicens,
221 873 265 898 vere
275 874 317 898 eam
325 862 375 897 nihil
383 867 477 909 gustasse.
500 863 526 899 Et
537 862 609 909 Aquila
621 864 658 904 ait}
674 863 730 900 Nihil
741 874 787 910 ergo
799 863 833 898 im-

44 913 97 961 pedit
105 922 152 954 eam,
162 908 238 944 (lemine
246 907 278 952 mi,
286 908 379 943 hodierno
388 908 419 943 die
430 908 531 954 baptizari.
555 910 605 945 Timr
616 910 695 945 Petrus:
712 908 739 944 Aa
750 908 787 944 hoe
795 921 833 944 non

46 962 74 995 est
81 954 172 1002 baptismi
180 953 279 998 1111111111111,
289 953 443 1000 quandoquidem
451 966 487 990 nec
495 958 597 1001 propterea
604 955 678 991 factum
686 958 722 990 est.
745 954 772 989 Et
783 954 833 990 Fau-

45 1004 146 1039 stinianus:
162 998 201 1035 Sed
208 998 290 1034 fortasse
298 999 352 1035 Deus
364 1001 430 1035 volens
438 1004 519 1036 matrem
527 1005 612 1037 nostram
619 1012 644 1036 ne
656 1012 694 1036 uno
703 1000 781 1046 quidem
789 1004 834 1046 post

44 1046 193 1095 recognitionem
206 1043 237 1080 die
250 1055 261 1079 1
275 1047 341 1080 nostra
353 1056 420 1081 mensa
436 1045 529 1090 seperari,
547 1046 585 1082 hoc
601 1045 694 1081 ieiunium
711 1046 833 1091 praestruxit.

45 1094 97 1130 Sicut
106 1092 155 1127 euim
163 1091 184 1125 in
192 1089 313 1137 ignoratione
322 1090 406 1126 servavit
413 1091 528 1135 pudicitiam
539 1091 560 1125 id
571 1092 623 1137 quod
630 1091 732 1125 veritatem
741 1090 797 1125 decet
806 1090 834 1125 fa-

46 1140 102 1182 ciens,
111 1137 140 1172 ita
148 1140 168 1171 et
176 1146 226 1171 nune
234 1135 289 1170 Deus
297 1135 347 1171 forte
355 1136 440 1181 providit
452 1147 494 1171 11111
506 1140 551 1171 ante
562 1148 621 1171 unum
632 1135 684 1170 diem
695 1135 716 1170 in
724 1135 835 1182 ignorantia

46 1185 128 1219 ieiunare
136 1193 169 1228 pro
177 1192 222 1216 vero
230 1181 333 1226 baptismo,
342 1184 364 1216 ut
372 1193 383 1216 a
391 1180 452 1227 primo
461 1181 493 1217 die
501 1192 539 1227 quo
547 1193 582 1217 nos
591 1180 671 1228 agnovit
682 1180 783 1216 nobiscum
792 1193 835 1226 pos-

48 1233 76 1264 set
85 1228 142 1264 etiam
151 1227 211 1262 salem
220 1238 254 1262 seu
262 1226 327 1262 eibum
334 1226 438 1273 percipere.

89 1283 139 1319 CIX.
159 1283 209 1318 Tum
217 1282 286 1318 Petrus
297 1282 327 1319 Ne
338 1294 382 1328 vos,
394 1282 467 1329 inquit,
480 1284 545 1318 vineat
556 1283 631 1319 malitia
642 1287 763 1329 praetextum
777 1287 835 1319 nacta

45 1329 183 1376 providentiam
191 1332 211 1366 et
219 1327 285 1364 matris
294 1340 382 1365 amorem.
406 1327 445 1365 Sed
452 1329 517 1374 potius
525 1340 559 1364 vos
569 1333 589 1365 et
595 1340 632 1376 ego
640 1329 740 1365 vobiscum
748 1328 806 1365 hodie
815 1329 836 1363 in

45 1375 114 1411 ieiunio
122 1385 275 1420 permaneamus,
288 1377 308 1410 et
317 1385 359 1410 cras
367 1374 503 1421 baptizabitur.
526 1374 584 1411 Hunc
596 1375 616 1410 in
628 1375 705 1409 niodum
717 1375 793 1409 loeutus
806 1378 836 1410 est

45 1421 120 1463 Petrus,
136 1419 332 1466 cunctiquecrationi
344 1420 419 1455 assensi
430 1432 500 1455 sumus.
524 1420 586 1456 lllulto
599 1424 664 1456 autem
677 1420 770 1455 maturius
779 1431 835 1465 quam

46 1466 130 1511 quotidie
143 1465 218 1501 solebat
228 1466 298 1501 Petrus
307 1470 428 1512 experrectus
437 1466 463 1501 ad
474 1478 509 1501 ncs
517 1466 617 1514 ingressus
626 1469 664 1510 est,
674 1477 721 1511 quos
731 1477 836 1501 1111111111-

46 1511 120 1554 cii-avit,
134 1523 157 1546 ac
170 1511 227 1546 dixit:
240 1510 346 1546 Faustinus
359 1515 378 1546 11
389 1511 528 1547 Faustinianus
542 1523 618 1558 unaque
633 1511 722 1547 Clemens
737 1523 780 1546 eum
796 1511 835 1546 suis

44 1567 72 1590 me
84 1560 195 1602 sequanum,
206 1559 228 1591 ut
239 1557 339 1592 venientes
350 1557 376 1592 ad
384 1557 483 1593 obtectum
494 1558 552 1593 maris
560 1557 624 1593 locum
631 1557 724 1604 baptismi
735 1557 784 1592 ritus
793 1569 835 1603 per-

48 1613 59 1636 a
70 1613 131 1637 amus.

90 1646 130 1682 CX.
145 1646 193 1682 Cum
201 1647 261 1694 igitur
268 1647 339 1682 fuimus
345 1647 366 1682 in
372 1647 429 1683 litore
435 1647 486 1683 inter
492 1659 538 1683 saxa
545 1648 645 1693 quaedam,
655 1658 703 1694 quae
710 1647 835 1693 tranquillum

60 1614 71 1647 g

46 1695 65 1726 ct
75 1693 165 1727 mundum
173 1693 237 1728 locum
247 1692 376 1738 praebebant,
387 1693 495 1739 baptizavit
504 1704 546 1728 11111
554 1694 575 1728 in
585 1693 662 1728 nomine
670 1693 731 1738 patris
740 1695 760 1727 et
768 1692 805 1727 filii
815 1696 835 1727 et

46 1737 132 1783 spriritus
149 1738 217 1774 saneti.
235 1738 275 1774 Nos
290 1741 355 1773 autem
370 1741 390 1773 et
404 1741 498 1784 quotquot
511 1738 612 1774 nobiseum
628 1737 718 1783 aderant,
735 1738 836 1773 mulierum

45 1888 133 1920 lectionem
148 1887 215 1920 exhibet
229 1890 288 1920 nostra
301 1866 355 1932 Epit,
367 1888 426 1921 ordine
456 1884 485 1931 15)
494 1886 526 1930 τῆς
533 1884 620 1930 ἀληθείας
628 1891 688 1922 nostra
695 1890 743 1934 Epit.
754 1890 800 1923 1111,
809 1901 836 1933 ap⁴

46 1943 91 1966 rcec.
99 1937 169 1966 mutato.
178 1951 202 1956 —
213 1929 231 1977 2)
244 1932 316 1975 πολλῆς
327 1932 359 1976 τῆς
367 1933 426 1977 χαρᾶς

47 1978 82 2010 OD.
93 1997 117 2001 —
130 1977 148 2021 3)
160 1974 257 2021 ἠδυνήθην
268 1978 306 2010 add.
317 1979 368 2011 Hom.
376 1980 425 2022 XIII,

47 2021 73 2064 11,
81 2027 139 2057 nostra
147 2025 194 2067 Epit.
203 2026 220 2057 11
227 2024 248 2056 al.
258 2024 354 2067 1111111.-
362 2021 381 2069 4)
389 2022 426 2071 μόῃ

47 2078 80 2102 νον
88 2068 136 2114 χθὲς
147 2069 182 2103 inv.
193 2071 213 2102 B.
228 2088 251 2092 —
264 2067 283 2114 5)
298 2066 397 2116 ἐμαρτύρει
411 2072 424 2103 Ο

46 2116 112 2146 nostrae
118 2115 165 2158 Epit.
172 2115 215 2148 1111.
223 2125 249 2159 ap.
256 2115 292 2148 Cot.
298 2133 322 2138 —
329 2115 348 2161 b')
357 2112 426 2150 οὐκοῧν

47 2155 85 2202 (sic)
97 2162 117 2193 τί
128 2161 177 2200 (man.
189 2171 221 2193 scov
234 2172 285 2204 supra
299 2161 345 2207 add.)
359 2158 424 2196 κωλύει

46 2205 65 2235 Β.
73 2222 96 2227 -
109 2201 127 2252 7)
142 2205 175 2248 τῆς
185 2208 205 2248 Β,
219 2205 241 2254 τῆ
253 2206 283 2238 OD
296 2209 313 2238 et
324 2208 345 2240 11.
354 2218 380 2251 ap.
390 2208 426 2240 Cot.

47 2249 97 2282 Voce.
106 2253 120 2283 (ὁ
132 2247 185 2297 κύριέ
194 2263 241 2298 μου,
253 2247 288 2293 τὴν
299 2248 384 2300 σήμερον
392 2263 426 2286 non

46 2293 77 2334 leg.
85 2296 135 2329 Hom.
145 2297 158 2329 l.
170 2307 193 2338 1.,
206 2301 265 2331 nostra
276 2298 323 2341 Epit
336 2301 352 2331 ct
363 2300 385 2331 al.
399 2309 426 2341 ap.

47 2338 112 2372 1111.-
125 2339 144 2385 8)
154 2337 165 2375 3
175 2339 201 2388 μὴ
212 2354 229 2386 p.
242 2342 284 2376 ἐπεὶ
295 2344 344 2388 μηδὲ
355 2345 405 2377 Hom.
414 2344 426 2376 l.

47 2394 66 2425 1.,
74 2389 131 2419 nostra
139 2387 186 2430 Epit.
195 2389 241 2421 1111.
250 2398 277 2431 ap.
287 2388 323 2421 Cot.
334 2408 358 2412 —
369 2386 425 2433 9)'Sic

46 2429 104 2472 BOD,
112 2432 163 2465 Hom.
171 2434 182 2466 l.
192 2444 212 2475 1.,
222 2435 281 2466 nostra
287 2434 335 2476 Epit.
344 2435 389 2468 1111.
399 2445 425 2477 ap¹

47 2473 88 2518 Oct,
97 2475 142 2511 αὐτὸ
151 2478 207 2512 τοῦτο
216 2479 261 2520 vulg.
268 2496 292 2501 -
305 2477 333 2522 10)
344 2482 425 2515 Φαυστί-

48 2529 80 2558 νος
87 2523 107 2563 Β,
116 2522 196 2557 Cotelerii
204 2524 229 2557 ed,
238 2524 289 2557 Hom.
299 2527 315 2556 et
323 2525 344 2557 al.
353 2535 379 2568 ap.
389 2524 426 2557 eor.

47 2565 121 2600 Subinde
135 2569 173 2602 add.
188 2567 300 2614 ἁπεκρίνατο
314 2570 365 2603 Hom.
379 2570 390 2602 l.
405 2579 425 2612 c.‚

47 2615 104 2661 nostra
111 2615 159 2658 Epit.
168 2619 185 2654 ct
195 2615 216 2648 11.
228 2626 254 2659 ap.
267 2614 303 2648 Cot.
314 2633 338 2638 -
351 2613 381 2660 11)
390 2613 426 2660 ἔφη

46 2658 105 2690 inserit
118 2660 140 2692 D.
154 2679 177 2683 —
192 2657 221 2705 12)
233 2659 319 2706 χωρῆσαι,
329 2661 349 2693 in
361 2661 425 2693 dnobus

47 2700 87 2735 llss.
94 2703 232 2739 1111111011*
240 2704 269 2752 13)
278 2706 373 2754 μηδεμίαν
379 2703 426 2753 ipae-

47 2755 80 2786 (κν
93 2748 125 2791 τῆς
142 2748 196 2796 ἡμῶν
212 2751 331 2797 ἐπιγνώσεως
344 2756 427 2797 χωρίσαι.

48 2791 79 2869 dil
89 2797 426 2886 311111111111111111111111Ψ

177 2872 197 2885 s·
210 2870 214 2875 '
250 2870 264 2888 ι’
338 2868 347 2885 '¹
382 2868 398 2876 '⁴

455 1932 492 1965 Cot.
498 1951 522 1955 —
530 1929 559 1976 lb)
569 1929 615 1979 τάχα
623 1937 645 1967 D.

490 1978 530 2022 Cap.
547 1979 591 2012 CIX.
611 1979 630 2025 1)
648 1976 695 2026 ὑμᾶς
711 1981 723 2013 (l
740 1983 756 2012 ct
772 1981 793 2013 al.
810 1992 836 2025 ap.

456 2023 492 2056 Cot.
504 2042 528 2047 ——
540 2020 559 2067 2)
572 2027 602 2058 καὶ
615 2023 624 2068 r)
632 2049 681 2058 .....
698 2024 768 2070 στοργὴ
779 2030 838 2058 nostra

455 2069 502 2113 Epit.
515 2074 531 2102 11
542 2070 563 2101 al.
575 2081 601 2114 ap.
611 2072 646 2104 Cot.
656 2089 679 2094 -
688 2068 705 2114 3)
715 2067 837 2113 νηστεύοντες

454 2117 513 2147 nostra
523 2115 570 2159 Epit.
583 2120 599 2149 et
610 2117 632 2148 al.
641 2116 713 2170 appot.
725 2135 748 2139 -
761 2113 780 2169 4)
793 2115 837 2150 οὐδὲ

479 2157 483 2169 l

455 2156 558 2214 1111111111.
570 2161 628 2203 Hom.)
639 2174 650 2203 η
661 2160 700 2205 cipe
710 2162 743 2205 τῆς
754 2172 838 2208 σημερον

440 2220 442 2225 ·
455 2206 523 2252 ημέρας
534 2202 641 2259 ἐπιτήδειός
655 2206 708 2240 ἔστιν
723 2209 749 2245 εἷς
760 2205 781 2240 τὸ
797 2204 837 2251 (om.

456 2248 477 2285 τὸ
487 2252 545 2290 Ηο111.)
556 2255 661 2297 (itinerque.
676 2253 707 2286 καὶ
722 2250 774 2298 ὁμῶς
788 2251 837 2287 οὕτω

455 2297 544 2341 γενέσθαι
557 2299 576 2330 οἱ
590 2294 660 2336 πάντες
672 2295 838 2345 συνευδοκήσαμεν

455 2342 552 2374 11111.Ηο11.
564 2343 614 2384 XHI,
627 2340 654 2385 12,
666 2346 725 2377 nostra
734 2346 783 2387 Epit.
792 2348 808 2377 et
816 2345 837 2376 11.

454 2397 480 2431 ap.
488 2387 524 2420 Cot.
530 2405 554 2410 —
561 2387 580 2432 5)
590 2386 724 2435 detestaturos!
731 2391 746 2422 Β
755 2393 771 2422 et
779 2393 837 2422 noster

455 2432 495 2465 Cod.
503 2433 555 2465 Hom.
563 2433 612 2476 XIV,
625 2434 641 2467 1.
657 2453 680 2458 -
695 2431 713 2478 6)
727 2436 758 2468 καὶ
772 2445 804 2466 om.
817 2435 838 2467 D.

455 2477 530 2510 Subinde
546 2476 647 2518 ἒξυπνίσας
667 2479 703 2524 ἔφη
722 2480 785 2522 absque
802 2490 837 2522 seq.

455 2521 496 2556 εἶπε
506 2523 558 2556 Hom.
566 2525 578 2557 l.
588 2535 609 2566 1.,
621 2528 679 2558 nostra
689 2525 737 2568 Epit.
748 2529 765 2557 et
776 2525 798 2556 el.
810 2536 837 2569 ap.

455 2568 491 2601 eor.
500 2586 521 2591 -
531 2566 549 2613 7)
559 2570 646 2613 1117111νῴ
655 2570 673 2603 C.

489 2614 529 2658 Cap.
543 2615 578 2647 CX.
600 2613 618 2659 1)
630 2612 718 2654 ἐλθόντες
730 2613 759 2660 (ἓν
771 2613 838 2650 ἀκατα-

456 2656 522 2703 σκόπῳ
539 2659 577 2693 add.
592 2658 652 2705 Hom.)
672 2664 764 2705 flamiam
781 2659 839 2704 catatu

456 2704 682 2752 111111311111111111
696 2708 735 2742 τῶν
749 2708 839 2752 αἰγιαλῶν

456 2748 498 2796 (τὸν
509 2748 594 2796 αἰγιαλὸν
606 2753 631 2786 ed.
643 2753 695 2785 Hom.
708 2754 745 2786 Cot.
757 2758 774 2786 11
781 2757 839 2786 nostra

456 2793 511 2841 Epit.)
523 2798 574 2829 Hom.
583 2797 632 2840 XIV,
641 2796 658 2839 1,
669 2802 728 2832 nostra
736 2799 784 2842 Epit.
793 2802 809 2831 et
817 2799 839 2831 el.

456 2854 482 2887 ap.
492 2842 528 2876 Cot.
540 2861 562 2866 —
574 2839 593 2887 ⁶2)
604 2846 635 2878 καὶ
646 2844 693 2877 deest
705 2845 724 2877 in
733 2845 784 2877 Hom.
796 2845 806 2877 l.
819 2856 839 2886 1.,
