1827 3065
182 79 213 120 aa
222 88 355 121 onurmurrs
364 89 418 122 uou.
431 88 495 126 ouen
503 89 555 122 rau.
564 88 684 123 ιιοιιιιιιιε,
791 77 833 120 295

37 185 111 230 dubito,
124 197 170 221 num
183 189 328 235 προαδικεῖσθαι
339 186 427 236 ἀνέχεται
436 189 521 235 genuina
536 189 562 224 sit
576 188 678 234 scriptoris
693 200 766 224 marrus.
791 190 832 225 Neo

37 238 100 270 tamen
113 231 159 267 ferri
171 235 236 277 potest
247 235 406 279 προσιειλικεῖσν-αι
418 234 510 283 ἀνέχεται,
523 236 576 282 quod
584 236 605 270 in
613 234 665 280 Epit.
675 234 730 270 alter.
740 232 760 269 C.
769 233 831 269 XCVI

37 291 46 316 e
61 277 115 313 libris
130 281 230 323 receptum
245 282 280 329 est.
304 277 401 325 Conjieiat
416 280 494 326 aliquis:
510 280 560 328 πρὸς
574 281 598 318 τὸ
616 280 723 317 ἀδικεῖσθαι
743 280 833 330 ἀνέχεται.

36 325 92 361 Licet
102 323 152 358 enim
160 322 243 371 ἀνέχεται
252 324 385 369 interpretata:
394 325 482 372 „patiens
491 328 538 362 est“.

81 369 102 404 P.
110 369 150 413 219,
159 369 170 404 2
178 380 206 414 sq.
216 369 293 404 codices
301 369 352 415 Epit.
360 370 414 406 alter.
428 369 522 408 CXCVI
533 376 611 417 praeter
623 384 683 408 unum
694 382 761 407 omues
772 370 833 417 porri-

37 418 95 464 gunt:
107 417 133 454 εἰς
144 415 166 451 <lt
178 414 199 450 ιὸ
211 413 286 460 ἇγαπῖιν
294 414 329 450 τὸν
341 418 422 461 πλησίον
434 415 459 457 ὡς
466 418 535 454 ἑαυτὸν
543 417 669 460 ιἰποιλειλωκιὸς
677 416 728 455 οὕτω
738 415 834 458 διάκειται,

37 464 105 499 πενίαν
113 459 136 496 οὗ
148 458 254 508 πεφόβηται
263 463 309 496 cett.
333 460 388 502 duae
401 462 461 497 verba
471 467 494 497 ut
502 464 556 509 justo
569 468 644 499 starent
654 464 705 507 talo,
720 462 833 498 Dressolius

37 510 81 544 ante
90 511 158 543 πενίαν
165 505 256 541 inseruit:
266 504 301 541 ὃτι..
314 505 363 540 llIihi
372 510 438 542 eontra
446 508 567 553 probabilius
578 510 660 554 videtur,
670 510 755 556 positum
765 508 835 543 fuisse:

37 550 163 592 ἀποδεδωκὼς
170 551 254 587 ἑαυτὸν
265 552 306 586 sive
314 550 394 594 αὑτὸν,
403 551 430 593 ὡς
438 551 535 598 διάκειται7
544 560 612 591 πενίαν
620 560 664 591 cett.
677 555 753 591 Dubito
762 557 834 598 autern,

37 609 82 635 num
90 595 217 637 ἀποδεδωκὼς
226 596 288 631 solum
310 607 331 631 er
339 596 454 633 sesuffioiat.
473 598 697 641 Diotioaiydrdnmwisi
713 600 835 644 nificat-„ut

39 643 164 679 constitutum
181 642 228 677 esu‘.
241 662 263 667 —
298 668 303 677 .
314 642 326 676 4
340 641 488 692 ἁμαρτάνοντας,
501 649 522 680 ut
534 646 576 681 eod.
587 646 635 693 Rog.
648 646 688 691 804,
699 614 763 682 Iubet
774 647 833 680 etiam

37 688 89 735 Epit.
97 688 130 725 alt.
139 686 160 724 C.
169 685 239 724 XCVI.
252 686 309 730 Quod
317 689 363 733 quin
372 688 476 733 genuinum
484 691 515 735 sit,
525 691 613 727 dubitare
619 703 657 727 non
666 692 713 727 sinit
720 691 780 726 dictio
789 689 834 730 τοὺς

38 733 184 783 ἁμαρτάνοντας,
195 737 283 781 quaeest
292 746 308 769 r.
317 735 333 769 6,
341 754 364 760 -
376 733 417 771 Vt
426 746 462 770 ser.
472 737 506 772 ἑνὶ
518 736 584 783 λόγῳ.

83 780 105 815 Ρ.
116 780 156 823 ⁴280,
166 779 228 825 Isqq.
239 779 284 814 dum
296 779 389 825 seriptum
400 780 482 826 legitur:
499 781 510 826 ἡ
523 783 544 818 dt
555 781 601 823 δαλὸς
615 783 649 818 τοῦ
663 781 733 828 ταύτην
742 784 834 828 λαβεῖν-

38 829 73 875 μία
82 830 110 866 τίς
119 827 175 865 ἔστιν,
185 823 233 872 ἥπερ
242 826 283 860 ἐστὶ
291 823 352 873 φόβος
362 827 414 863 Θεοῦ.
424 826 477 874 ὁγὰρ
488 826 536 865 Θεὸν
544 825 664 875 φοβούμενος
674 827 709 864 τὸν
717 831 801 872 πλησίον
809 826 834 867 ὡς

39 871 106 909 ἑαυτὸν
114 871 190 928 ἀγαπᾶν
196 871 233 917 μὲν
244 871 336 918 καταρχὰς
350 871 372 907 οὗ
387 870 474 908 δύναιντ’
489 873 531 908 ἐπεὶ
546 871 567 909 τὸ
581 874 670 909 τοιοῦτον
679 874 763 917 (τοιοῦτο
773 870 794 913 Cl
804 886 834 909 κε-

39 916 100 953 λεύειν
109 931 130 952 ου
139 919 263 962 προσέρχεται
275 919 298 965 τῇ
310 918 370 963 ψυχῇ·
384 918 411 964 aqi
423 920 491 965 μέντοι
502 917 551 966 πρὸς
564 917 613 957 Θεὸν
621 919 676 966 φόβῳ
685 918 708 955 τὸ
716 917 835 967 ἀγαπώντων

40 967 103 999 ποιεῖν
115 960 193 998 δύναται
205 964 256 1006 cett,
269 961 321 1018 Epit.
333 956 412 998 alterius
424 960 445 998 C.
458 961 532 1000 XCVII
543 964 593 1000 haee
605 963 712 999 habentur:
726 967 742 1000 ελ
756 965 778 1000 δὲ
788 963 836 1003 ὅλως

40 1009 74 1044 τοῦ
84 1006 153 1053 ταύτην
162 1010 225 1052 λαβεῖν
232 1027 256 1033 -
262 1021 319 1057 μητις
328 1010 384 1051 ἐστίν,
394 1007 416 1044 οὐ
425 1007 504 1058 πάρεστι
513 1008 573 1057 φόβος
581 1011 633 1046 θεοῦ.
643 1009 695 1056 ὁγὰρ
705 1008 753 1047 θεὸν
761 1007 834 1056 φοβού-

56 1067 97 1094 ενος
113 1052 147 1089 τὸν
162 1056 245 1097 πλησίον
259 1051 284 1093 ὡς
297 1053 364 1090 ἑαυτὸν
378 1053 449 1102 dyona·
461 1056 489 1101 τῷ
500 1059 537 1103 μέν
551 1070 581 1091 τοι
594 1054 644 1103 πρὸς
657 1056 706 1091 θεοῦ
721 1053 774 1102 φόβῳ
790 1057 835 1089 cett.

40 1069 106 1135 Vaoile
116 1101 202 1144 apparet,
211 1098 272 1144 prima
279 1097 380 1144 Epitomes
388 1099 448 1135 verba
456 1111 495 1135 non
504 1102 567 1135 solum
575 1099 638 1135 minus
650 1099 703 1134 olara
712 1109 764 1142 esse,
777 1110 833 1145 quam

40 1145 102 1191 prima
119 1143 248 1180 Homiliarum
267 1144 326 1180 verba
341 1143 390 1191 ipsis
402 1145 548 1191 respondentia,
562 1149 585 1180 ut
598 1144 711 1181 Dresselius
724 1144 802 1191 jardibat
815 1145 836 1179 in

40 1190 83 1227 adn.
92 1190 103 1225 2
111 1190 135 1226 ad
143 1188 190 1236 Epit
199 1188 232 1225 alt.
245 1187 265 1224 C.
277 1200 299 1236 a,
314 1189 348 1226 sed
361 1195 452 1236 corrupta
465 1193 485 1226 et
497 1201 540 1225 oum
551 1190 582 1225 his
595 1189 739 1226 commutanda.
764 1187 837 1225 Contra

41 1236 127 1271 secunda
135 1235 227 1281 periodus
235 1235 271 1277 ita.
284 1239 306 1271 ut
317 1235 338 1270 in
349 1234 419 1271 Homil.
434 1235 490 1271 libris
501 1247 558 1270 mser.
571 1235 692 1279 traditorem,
705 1234 752 1271 ferri
764 1234 838 1281 nequit.

42 1281 119 1328 Quippe
126 1281 224 1317 sententia
230 1281 322 1325 postulat,
329 1283 351 1316 ut
358 1280 463 1316 scribatur:
473 1280 525 1328 ὁγὰρ
534 1280 583 1320 Θεὸν
591 1280 621 1330 μὴ
629 1280 755 1329 φοβούμενος.
767 1280 838 1316 Errant

41 1330 106 1364 autem
113 1326 182 1364 verba:
194 1325 285 1374 καταρχὰς
294 1326 316 1363 οὐ
325 1325 409 1369 δύναται,
418 1325 579 1373 interpretantes:
591 1338 642 1371 „non
651 1330 717 1373 potest
724 1325 837 1373 prinoipio“‚

41 1385 99 1420 quum
107 1373 172 1419 potius
182 1371 302 1418 significent:
316 1371 406 1417 „omnino
415 1383 454 1407 non
463 1374 547 1418 potest“.
559 1392 582 1398 —
594 1372 643 1409 Vioe
652 1382 708 1409 versa
716 1372 782 1418 paullo
791 1377 838 1418 post

40 1419 169 1455 Homiltarum
178 1417 255 1454 codices
264 1428 328 1453 veram
337 1420 462 1454 serraverunt
468 1418 593 1465 scripturam:
602 1418 651 1467 πρὸς
661 1417 709 1458 Θεὸν
717 1416 777 1465 φόβῳ,
787 1428 836 1464 quae

42 1465 100 1501 etiam
109 1465 129 1499 iu
136 1464 188 1510 Epit.
197 1461 218 1498 C.
228 1475 244 1499 ο.
254 1466 283 1498 est
291 1463 407 1510 reponenda.

87 1510 108 1545 P.
113 1508 174 1555 281‚2‚
181 1520 238 1555 quum
244 1511 297 1544 reete
302 1508 394 1555 seriptum
399 1508 515 1555 reperiatur:
523 1509 557 1555 τὴν
564 1511 601 1553 ἐπὶ,
606 1513 665 1556 atque
672 1509 724 1545 idem
732 1508 805 1545 editum
813 1509 838 1544 sit

41 1557 61 1592 in
68 1556 120 1602 Epit.
130 1555 199 1601 prioris
208 1553 229 1590 C.
237 1553 330 1598 XCVHI,
339 1554 420 1590 miretur
428 1554 499 1601 aliquis
511 1554 531 1590 iu
539 1554 590 1601 Epit.
599 1555 679 1591 alterius
689 1554 710 1591 C.
718 1554 803 1591 XCVIII
811 1556 839 1590 in-

41 1605 114 1637 taetam
122 1600 212 1637 relictam
221 1611 263 1636 esse
272 1599 357 1646 ineptam
367 1601 491 1644 scripturam:
504 1602 536 1636 ἐπὶ
545 1602 583 1646 τὴν.
596 1621 616 1627 -
632 1600 721 1636 Ceterum
730 1600 762 1636 hie
771 1605 790 1636 et
802 1612 819 1636 v.
827 1601 839 1634 8

42 1652 99 1694 atque
113 1647 133 1682 in
144 1646 197 1692 Epit.
208 1646 308 1692 utriusque
324 1644 344 1682 C.
356 1644 442 1682 XCVIII
457 1645 580 1682 scribendum
595 1649 647 1682 erat:
659 1649 764 1687 Βαλανέας,
782 1657 839 1692 quam

42 1693 123 1729 formam
135 1692 230 1738 praebent
244 1692 319 1739 aliquot
333 1691 384 1737 Epit.
398 1691 468 1737 pueris
481 1691 527 1727 libri
541 1704 607 1737 mser.;
623 1692 657 1727 efr.
672 1703 722 1738 quae
738 1690 840 1727 adnotavit

43 1739 66 1775 L.
75 1736 190 1774 Dindorfius
199 1737 218 1772 in
227 1737 286 1773 Thes.
296 1735 423 1782 Stephaniani
433 1737 462 1772 ed.
471 1736 532 1772 Paris.
540 1749 554 1773 s.
560 1749 577 1771 r.
586 1758 608 1764 —
617 1737 640 1773 V.
647 1738 658 1773 9
665 1741 685 1773 et
693 1738 713 1773 in
720 1737 772 1783 Epit.
780 1737 838 1783 prior

43 1784 63 1821 C.
72 1783 158 1819 XCVIII
165 1787 219 1818 reete
227 1786 327 1828 receptum
336 1785 375 1818 est:
386 1781 472 1825 Πόλτον,
486 1786 506 1818 at
517 1784 537 1818 in
549 1783 600 1829 Epit.
610 1782 696 1819 altem-C.
704 1782 789 1818 XCVIII
797 1793 839 1829 per-

42 1841 109 1876 peram
118 1828 202 1865 admissa
211 1828 273 1864 forma
281 1826 337 1862 nihili
345 1826 427 1865 Πάλταν.
439 1849 461 1854 -
475 1827 550 1864 Eodem
562 1839 619 1864 versu
630 1828 730 1864 Dresselio
739 1829 805 1864 nescio
815 1839 839 1863 an

43 1875 114 1923 Γάβαλα
122 1874 244 1910 scribendum
252 1873 317 1917 fuerit,
327 1872 415 1919 quemvis
423 1873 486 1910 forma
494 1874 580 1921 Γάβαλαν
589 1874 704 1927 exquisitior
712 1874 742 1910 sit.
750 1895 773 1900 -
785 1873 809 1910 V.
818 1873 841 1909 14

44 1924 92 1959 etin
99 1921 152 1968 Epit.
161 1920 240 1956 alterius
250 1918 270 1955 C.
278 1917 364 1955 XCVIII
375 1919 481 1966 receperim
493 1930 517 1955 ex
528 1920 580 1967 Epit.
592 1921 662 1966 prrom's
672 1918 693 1957 C.
701 1919 786 1956 XCVIII
794 1921 839 1955 seri-

43 1972 129 2014 pturam:
138 1971 167 2007 τίς
175 1964 198 2001 ἂν
206 1971 239 2010 εἴη.

88 2013 110 2048 P.
118 2012 159 2057 282,
168 2010 179 2045 6
188 2010 251 2058 aptius
261 2013 296 2056 est,
306 2010 359 2058 quod
369 2011 390 2046 in
397 2009 449 2057 Epit.
458 2010 538 2047 alterius
548 2010 568 2046 C.
579 2010 645 2046 XCIX
656 2010 738 2057 legItur:
752 2009 810 2054 αὐτῆς
820 2011 841 2046 τὸ

42 2062 103 2106 γένος.
118 2058 195 2095 Ibidem
204 2056 297 2103 seriptum
305 2055 410 2103 reperitur:
419 2056 537 2104 ἀνατροφὴν,
551 2057 603 2103 quod
612 2054 660 2091 milri
669 2066 745 2102 quoque
757 2055 777 2090 in
789 2056 840 2092 ἀνα-

45 2104 149 2153 στροφὴν
160 2102 273 2150 mutandum
286 2102 368 2140 videtur.
391 2102 428 2138 Est
441 2106 506 2147 autem
520 2100 631 2149 ἀναστροφή
646 2101 708 2144 ⁷‚vitae
720 2100 778 2142 ratio,
795 2112 840 2148 qua·

44 2153 102 2186 tenus
114 2149 173 2186 factis
188 2152 207 2184 et
222 2147 307 2183 moribus
322 2149 459 2194 conspicitur.ss
475 2168 494 2172 —
511 2147 554 2183 Va
567 2150 598 2182 καὶ
612 2144 644 2186 οὓς
656 2145 703 2181 ferri
715 2146 792 2183 omnino
801 2157 841 2183 nou

44 2199 114 2244 potest.
127 2194 237 2232 Genuinam
245 2194 346 2239 scriptoris
354 2205 432 2229 manum
440 2196 539 2238 praestare
545 2192 622 2228 videtur
628 2192 680 2237 Epit.
685 2192 740 2228 alter.
745 2190 765 2227 C.
770 2190 841 2236 XCIX,

45 2242 79 2278 ubi
93 2246 124 2278 καὶ
134 2241 225 2277 omissum
239 2243 274 2274 est.
297 2237 382 2274 Videtur
393 2240 414 2274 id
425 2239 511 2274 additum
526 2249 568 2273 esse
581 2240 686 2284 postquam
695 2236 729 2278 οὓς
736 2237 815 2273 transiit
822 2238 841 2272 in

46 2288 75 2329 ὠς,
84 2308 108 2314 -
115 2287 139 2323 V.
148 2286 170 2321 16
179 2296 219 2332 sqq.
230 2296 279 2331 quae
288 2287 333 2319 suut
340 2284 409 2320 verba:
421 2283 470 2330 πρὸς
478 2285 499 2320 dt
508 2282 529 2320 τὸ
543 2287 595 2324 τέλος
603 2285 637 2319 τοῦ
649 2287 753 2331 λεγομένου
763 2283 841 2329 direpti-

46 2343 126 2379 ψαντες,
139 2331 167 2368 ὅτι
179 2330 226 2379 ἡμῖν
235 2331 320 2377 διαφέρει
329 2329 352 2365 τὸ
359 2329 461 2378 λεγόμεναι,
475 2328 517 2365 τότε
529 2328 608 2370 ἑαυτοὺς
619 2328 777 2377 ὡμολογήσαμεν,
788 2332 811 2364 ut
822 2329 842 2363 iu

46 2379 145 2423 Homiliis,
158 2378 186 2412 sio
195 2375 253 2412 etiam
264 2376 284 2409 in
292 2374 338 2421 Epit
352 2376 401 2410 alter
413 2373 433 2411 C.
443 2373 458 2410 C
470 2375 568 2420 leguntur.
594 2374 666 2410 Contra
677 2375 697 2409 in
708 2374 758 2420 Epit.
771 2373 842 2420 prioris

46 2425 67 2460 C.
77 2423 91 2460 C
101 2424 193 2470 seriptum
203 2425 276 2457 exstat:
286 2420 335 2466 πρὸς
343 2422 365 2457 δὲ
373 2420 394 2456 τὸ
404 2423 456 2461 τέλος
464 2421 500 2456 νῦν
508 2423 546 2456 τῶν
554 2423 662 2469 λεγομένοιν
668 2419 742 2460 ἰδόντες
749 2418 842 2466 καὶγνόν-

46 2485 75 2512 τες
84 2471 168 2518 ἀκριβῶς,
178 2468 207 2504 ὅτι
217 2480 252 2514 περ
260 2466 307 2515 ἡμῖν
322 2464 438 2513 dirimebant
448 2469 485 2511 story
502 2469 539 2508 ἕνα,
548 2465 592 2503 τότε
601 2465 678 2506 ἑαυτοὺς
688 2464 843 2514 (ὁμολογήσαιμεν),

45 2514 120 2552 Rursus
129 2515 168 2550 alia
179 2516 234 2549 eramt
245 2512 313 2557 verbu,
326 2522 375 2557 quae
387 2514 433 2547 ante
446 2479 512 2547 oeildis
521 2511 607 2547 habebat
614 2509 702 2553 Rufinus,
711 2510 843 2557 interpretans

46 2561 65 2597 in
73 2560 177 2607 Recognit.
185 2558 230 2602 Vll,
239 2558 270 2592 28:
280 2556 453 2603 „Adspioiebamus
463 2567 509 2603 orgo
518 2555 543 2591 ad
551 2555 608 2591 finem
617 2555 718 2599 sermonis,
726 2560 749 2590 ut
757 2557 773 2591 si
782 2557 807 2592 ad
817 2557 844 2591 iu-

47 2612 123 2655 tegrum
132 2607 155 2642 de
164 2604 221 2641 nobis
231 2614 274 2639 osse
284 2607 387 2645 constaret,
397 2607 438 2637 tum
444 2602 568 2638 fateremur“.
581 2601 632 2636 Hine
638 2601 747 2647 profectior
754 2601 844 2638 Homiliis

48 2656 94 2689 etin
104 2652 155 2699 Epit.
165 2650 198 2687 alt.
210 2648 238 2685 sie
250 2648 292 2684 fere
304 2649 408 2696 legendum
420 2659 463 2684 esse
477 2648 599 2693 conjicimus:
614 2646 662 2694 πρὸς
676 2648 697 2685 rt
709 2646 730 2683 τὸ
743 2651 797 2690 τέλος
811 2651 846 2685 τοῦ

47 2697 119 2747 λόγου
128 2698 270 2744 ἀποβλέψαντες
278 2711 289 2741 η
293 2708 343 2743 μεν,
353 2694 389 2736 ὠς,
402 2697 421 2730 ελ
429 2693 475 2742 ἡμῖν
484 2694 568 2739 ιλιαηέρει
579 2692 600 2729 τὸ
609 2692 707 2741 λεγόμεναι,
716 2692 761 2731 τότε
769 2693 847 2735 ἑαυτοὺς

48 2742 72 2782 ἂν
81 2744 238 2791 ὁμολογήσαιμεν.
264 2739 356 2777 Similiter
370 2739 485 2787 corrigenda
496 2740 627 2775 existimamus
635 2739 704 2784 rerba,
714 2751 764 2786 quae
773 2743 818 2775 sunt
826 2740 844 2774 iu

48 2780 102 2836 apii..
111 2790 180 2836 priore,
189 2788 222 2824 ubi
232 2786 260 2824 ὅτι
271 2800 306 2836 περ
315 2785 364 2822 nihil
372 2785 424 2822 aliud
434 2790 463 2822 est
472 2796 537 2832 quam:
550 2785 584 2827 ὡς,
597 2788 618 2821 εἴ
621 2797 670 2833 περ,
683 2788 742 2832 atque
753 2786 846 2821 roeabula
