1827 3065
362 118 468 151 urrronn
480 118 555 152 aaron.
832 106 860 150 53

4 218 6 221 .
14 229 16 231 ’
76 238 96 262 ro
104 221 191 260 omnibus
198 219 275 265 rogarit
284 229 333 262 eum,
342 221 364 252 ut
371 217 465 263 postridie
475 218 560 254 diluculo
569 218 590 253 in
598 217 684 253 Aradum
692 218 801 265 oppositam
809 219 860 254 insu-

63 243 109 314 )ἶῃῃ,
122 278 170 315 quae
182 265 264 312 triginta
276 263 343 310 opinor
354 274 390 298 nec
401 262 449 297 totis
461 264 529 299 stadiis
542 263 637 308 distabat,
650 263 785 311 navigaremus
797 265 822 300 ad
833 264 860 298 vi-

66 316 135 354 dendas
150 311 178 347 ibi
191 311 237 346 duas
247 309 345 345 columnas
359 307 422 344 riteas
436 310 537 345 maximam
551 310 622 345 molem
640 309 767 345 continentes.
791 310 860 345 Petrus

65 373 115 409 ergo,
124 357 156 404 qui
165 360 206 391 erat
213 355 328 401 morigerae,
341 353 408 389 annuit
419 353 447 389 ita
456 354 532 391 dicens:
553 355 601 391 Cum
610 366 633 391 ex
641 354 687 390 navi
695 355 768 399 egressi
775 355 859 400 fueritis,

64 419 88 445 ne
99 416 137 440 una
148 399 337 453 omnesuprocedatis
349 399 374 434 ad
386 400 525 445 spectationem
537 412 610 444 eorum,
623 412 672 448 quae
685 400 761 447 cupitis.
792 401 859 446 Neque

0 478 9 483 ,,
67 452 116 490 enim
123 448 167 484 volo
175 450 197 481 ut
206 458 277 481 cirrum
285 445 351 480 oculos
360 445 381 480 in
388 457 422 480 vos
432 446 553 481 convertatis.
577 445 643 493 Atque
652 446 680 481 616
689 446 805 493 navigantes
814 446 861 482 hora

0 492 18 537 ,ἶᾷ
65 509 102 534 una
115 496 136 530 in
146 492 229 527 insulam
240 490 301 526 delati
313 502 382 525 sumus.
406 490 432 525 Et
447 490 586 528 descendentes
602 504 624 528 ex
639 491 712 538 scapha
727 503 749 527 66
763 493 861 539 progressi

8 543 10 545 ’
66 552 136 583 sumus,
150 537 184 573 ubi
195 536 296 572 columnae
307 536 372 571 riteae
383 540 446 581 erant,
458 537 552 582 simulque
565 550 607 573 cum
620 537 715 574 columnis
723 537 773 572 alius
784 537 861 583 quidem

69 586 120 624 aliud
128 582 231 630 quodpiam
240 592 263 616 ex
271 580 353 618 Phidiae
362 582 451 627 operibus
460 582 565 628 spectabat.

110 650 201 687 LXXXI.
225 648 279 685 Unus
293 652 358 685 autem
366 649 435 684 Petrus
443 661 523 686 necesse
531 662 569 686 non
577 652 662 698 putavit,
675 662 724 696 quae
733 650 761 686 ibi
770 653 825 686 616111
833 650 861 685 111-

65 702 135 742 6166163
148 696 182 731 sed
194 695 349 731 animadvertens
357 695 457 731 mulierem
465 696 560 741 quandam
572 701 625 732 extra
636 697 751 744 proforibus
761 697 861 732 sedentem

68 750 86 782 et
93 745 155 780 victus
164 741 228 789 gratia
235 741 378 777 mendicantem
385 740 465 786 Mulier,
477 742 549 787 inquit,
561 753 643 788 quonam
651 742 777 778 membrorum
785 746 861 778 tuorum

67 802 127 834 66166,
141 787 191 835 quod
201 789 276 822 tantam
289 787 425 823 contumeliam
437 787 546 834 suscepisti,
555 788 678 823 mendicandi
689 788 776 834 inquam,
789 800 811 824 66
823 799 862 823 non

66 837 128 885 potius
137 846 148 869 6
157 833 201 869 Deo
209 832 246 868 11111
259 833 356 868 concessis
368 833 456 869 manibus
467 833 557 869 laborans
566 833 699 880 quotidianum
714 834 778 869 cibum
787 845 861 879 compa-

67 881 109 918 ras?
127 879 164 914 illa
177 890 222 914 vero
236 877 351 924 profundum
365 890 388 914 ac
402 879 535 915 vehementem
549 879 641 927 gemitum
657 879 736 915 trahens
750 879 860 926 respondit:

65 927 143 963 Utinam
157 924 234 970 quidem
247 923 294 959 mihi
308 928 374 960 essent
385 937 461 969 manus,
477 936 526 972 quae
541 929 593 961 certe
606 928 687 971 possent
701 925 780 972 operari.
804 925 861 961 Nunc

67 975 129 1009 antem
137 970 184 1006 mihi
193 970 253 1005 6616111
261 981 351 1006 mannum
362 969 444 1018 figuram
453 975 538 1015 servant,
550 970 642 1017 ipsaeque
651 975 748 1007 emortuae
758 974 807 1006 sunt.
831 969 861 1007 Ac

66 1019 133 1053 Petrus
141 1015 277 1062 interrogavit:
294 1015 347 1057 Quae
353 1027 398 1052 vero
405 1028 463 1052 causa
471 1016 514 1061 fuit,
523 1020 545 1051 ut
553 1015 861 1063 16111616166161661666111161661

66 1063 92 1098 At
104 1061 174 1098 illaad
186 1073 237 1097 eum:
258 1060 324 1096 Animi
336 1061 469 1105 imbecillitas,
482 1074 518 1098 nec
530 1061 583 1097 aliud
595 1061 703 1107 quicquam.
728 1061 748 1097 si
757 1062 808 1097 enim
816 1061 862 1097 forti

67 1109 129 1144 animo
138 1107 217 1142 fuissem
225 1107 322 1152 praedita,
335 1111 376 1143 6161
384 1108 519 1153 praecipitium
528 1111 561 1142 aut
569 1107 658 1153 pelagus,
667 1107 719 1143 unde
727 1118 757 1142 1116
767 1107 861 1143 deiiciens

69 1157 153 1201 poteram
161 1152 217 1188 malis
226 1152 311 1188 dolorem
318 1153 443 1189 afferentibus
452 1152 510 1189 finem
518 1152 621 1199 imponere.

111 1220 213 1256 LXXXII.
238 1220 288 1256 Tum
294 1220 364 1257 Petrus
372 1219 426 1256 infit:
440 1220 491 1263 Quid
500 1220 559 1265 enim,
568 1223 659 1267 putasne,
669 1220 746 1263 mulier,
756 1231 821 1256 omnes
831 1220 861 1255 sui

69 1268 72 1275 '
112 1266 197 1302 Ι16616166
207 1267 302 1312 supplicio
310 1266 414 1302 liberatum
422 1266 455 1311 iri,
467 1278 493 1301 an
503 1277 542 1301 non
550 1266 614 1312 potius
623 1265 697 1301 animas
706 1277 780 1309 eorum,
793 1266 826 1312 qui
834 1266 862 1301 ita

66 1314 174 1355 moriuntur,
182 1311 250 1347 maiori
259 1311 354 1358 supplicio
362 1312 383 1347 in
390 1311 457 1347 inieris
470 1315 548 1358 propter
557 1311 587 1346 sui
595 1310 720 1346 homicidium
731 1310 861 1347 afficiendas?

66 1356 92 1392 At
103 1357 137 1392 illa
149 1355 237 1401 Utinam,
253 1357 325 1403 inquit,
339 1368 452 1403 persuasum
465 1357 513 1392 mihi
522 1360 582 1400 esset,
595 1368 662 1392 revera
673 1356 694 1391 111
705 1356 773 1392 inferis
788 1357 862 1392 animas

66 1403 118 1438 rivas
126 1403 210 1448 reperiri,
218 1402 286 1449 ntique
294 1402 351 1438 nihili
358 1407 449 1448 reputans
457 1414 530 1449 poenas
538 1402 586 1438 mori
595 1402 694 1449 eligerem,
704 1413 740 1448 quo
749 1402 781 1437 vel
793 1402 862 1449 exiguo

66 1451 149 1493 tempore
157 1447 241 1484 intuerer
249 1448 296 1483 mihi
305 1448 465 1495 exoptatissimus.
489 1446 522 1482 Ad
532 1447 581 1483 haec
592 1447 671 1482 Petrus:
683 1447 709 1482 Et
721 1447 813 1493 quidnam
827 1451 863 1492 est,

126 1496 146 1527 te
159 1493 269 1529 excruciat?
288 1492 340 1529 Scire
354 1494 405 1529 enim
416 1493 473 1529 valde
485 1505 538 1528 aveo.
562 1492 592 1527 Ac
603 1503 633 1528 me
646 1493 663 1527 si
676 1493 776 1528 certiorem
786 1493 863 1537 feceris,

110 1537 164 1573 firma
171 1539 247 1574 tradam
256 1540 381 1583 documenta,
393 1539 445 1586 quod
457 1539 532 1574 animae
543 1538 564 1573 111
573 1537 640 1573 inferis
649 1538 726 1581 vivant,
739 1541 759 1574 61
766 1550 801 1584 pro
809 1549 863 1584 prac-

85 1595 98 1629 p
115 1583 133 1619 io
141 1584 173 1619 vel
180 1584 275 1631 profundo
284 1584 321 1620 tibi
331 1585 380 1620 dabo
389 1584 517 1628 medicamen,
529 1595 566 1630 quo
576 1595 587 1619 a
595 1583 637 1619 rita
645 1583 686 1619 sine
701 1584 765 1619 dolore
774 1583 862 1619 decedas.

112 1651 224 1688 LXXXIII.
247 1652 273 1688 Et
287 1653 365 1696 mulier,
377 1656 399 1687 ut
411 1663 460 1699 quae
473 1663 578 1688 sermonem
592 1663 631 1687 non
646 1651 766 1699 intelligeret
782 1662 863 1698 eumque

69 1696 166 1733 dumtaxat
174 1702 230 1745 prout
239 1699 318 1746 optabat
327 1699 428 1744 arriperet,
440 1698 468 1733 116
480 1698 573 1733 disserere
586 1697 659 1743 coepit:
681 1695 748 1733 Genus
757 1697 835 1743 quidem
844 1701 864 1732 ct

67 1743 153 1788 patriam,
163 1744 180 1779 si
188 1744 225 1780 tibi
233 1755 352 1791 exponerem,
361 1755 400 1779 11611
408 1743 489 1779 arbitror
496 1754 526 1778 me
535 1754 619 1789 unquam
626 1754 684 1790 posse
696 1743 822 1789 persuadere,
829 1744 864 1779 sed

60 1791 87 1831 ,et
97 1789 144 1835 quid
156 1790 181 1824 ad
191 1793 211 1825 16
222 1791 294 1825 attinet
302 1789 323 1823 id
331 1800 454 1836 cognoscere,
466 1789 505 1824 nisi
512 1791 589 1824 tantum
598 1800 686 1832 causam,
696 1789 720 1825 ob
733 1800 790 1835 quam
799 1789 863 1825 dolore

68 1832 138 1870 affecta
151 1835 245 1870 morsibus
262 1846 329 1870 manus
343 1846 396 1870 meas
410 1838 495 1870 mortuas
506 1833 596 1869 reddidi?
625 1833 719 1870 Attamen
730 1836 785 1880 mea,
801 1835 865 1881 quoad

67 1878 131 1914 audire
139 1883 201 1926 potes,
209 1879 295 1916 referam.
310 1879 354 1927 Ego
362 1879 489 1915 nobilissimis
498 1883 540 1915 orta
547 1879 661 1926 parentibus
669 1880 756 1925 potentis
763 1881 865 1915 cuiusdam

67 1924 145 1969 imperio
153 1925 210 1972 nupsi
218 1925 265 1969 viro,
275 1925 308 1972 qui
316 1928 357 1961 crat
365 1925 417 1960 illius
426 1925 554 1972 propinquus,
564 1929 583 1961 et
590 1925 637 1960 duos
644 1925 732 1971 geminos
740 1926 813 1962 liberos
822 1938 864 1961 sus-

67 1970 109 2014 tuli,
118 1970 233 2018 tertiumque
242 1971 320 2018 insuper
329 1971 387 2007 edidi.
405 1971 463 2006 Porro
472 1982 516 2007 cnm
523 1970 588 2006 mariti
599 1971 637 2006 mei
645 1972 705 2006 116161
713 1971 794 2007 formam
802 1983 865 2007 meam

0 2017 11 2039 ³²?
68 2014 163 2061 deperiret
172 2020 191 2053 et
199 2028 262 2053 amore
273 2028 315 2052 meo
328 2028 447 2064 summopere
459 2021 527 2064 captus
540 2020 601 2061 esset,
615 2021 673 2064 atque
684 2017 755 2053 misera
763 2028 800 2065 ego
810 2022 864 2054 caste

67 2060 129 2097 rivere
141 2062 244 2098 admodum
256 2073 345 2109 cuperem
354 2066 373 2098 et
379 2074 441 2109 neque
447 2062 519 2098 vellem
525 2062 605 2098 amatori
613 2062 728 2107 consentire,
735 2074 797 2108 neque
805 2063 864 2099 etiam

67 2105 106 2145 viro
118 2119 160 2143 meo
171 2119 255 2144 amorem
265 2108 330 2144 fratris
343 2119 389 2156 erga
400 2120 431 2144 me
443 2119 546 2154 exponere,
559 2119 639 2154 cumque
651 2119 725 2143 mecum
736 2112 863 2154 reputassem,

68 2154 89 2185 ut
97 2163 132 2188 1166
140 2153 178 2188 viri
184 2157 248 2189 torum
257 2154 373 2190 contumelia
382 2153 486 2198 afficerem,
495 2165 531 2189 nec
540 2153 618 2189 fratrem
627 2153 681 2189 fratri
689 2154 790 2189 redderem
801 2153 864 2189 inimi-

69 2207 111 2232 cum
123 2202 142 2233 et
153 2210 235 2247 magnae
246 2199 331 2236 familiae
343 2199 432 2246 probrum
444 2198 542 2243 inferrem,
557 2198 617 2234 statui
631 2199 656 2235 ab
667 2199 714 2235 urbe
726 2211 769 2235 eum
781 2199 864 2247 geminis

68 2242 115 2277 meis
126 2245 190 2290 pueris
202 2245 227 2281 ad
239 2244 335 2291 quoddam
345 2250 421 2291 tempus
434 2244 512 2289 abesse,
528 2244 588 2280 donec
600 2244 685 2291 impurus
697 2245 820 2290 amorillius,
833 2247 866 2291 qni

73 2370 207 2380 ᾖ

72 2447 107 2481 cot.
115 2469 138 2474 —
145 2449 164 2495 2)
172 2453 233 2487 λείπει
241 2454 281 2499 But
288 2452 339 2485 Hom.
348 2453 392 2494 XII,
405 2451 427 2485 13
436 2455 453 2485 61
481 2452 528 2495 Epit.
537 2452 583 2484 6161.
592 2463 618 2495 ap.
627 2453 669 2493 Cot,
675 2452 720 2485 idem
729 2455 754 2485 est
762 2451 782 2485 ἓν
791 2449 832 2485 fider.
839 2453 864 2492 D;

71 2497 129 2528 nostra
136 2497 183 2540 Epit.
191 2517 215 2522 —-
223 2494 241 2542 3)
251 2498 286 2533 τοῦ
294 2508 326 2531 om.
336 2498 355 2531 O.
367 2516 391 2521 —
402 2494 421 2543 4)
430 2497 454 2532 de'
481 2498 501 2531 αἱ
510 2498 569 2540 ψυχαὶ
577 2496 598 2532 ἐν
606 2493 642 2541 dria
649 2497 717 2530 exhibet
726 2498 744 2531 G.
751 2494 798 2542 -A)
808 2495 865 2531 cride-

71 2541 129 2596 11εηῦ1,
142 2542 183 2577 licet
199 2545 271 2595 alterum
287 2553 313 2596 oe
323 2543 402 2576 exhibeat
413 2546 453 2587 post
480 2539 514 2581 νὸς
526 2543 547 2575 al.
559 2553 585 2586 ap.
598 2543 674 2596 Q.—
684 2539 708 2598 ¹5)
720 2540 864 2596 npocxroritqd

71 2587 201 2680 torar
210 2602 244 2669 a
256 2589 452 2670 11161111·
481 2589 866 2680 16116166

75 2657 131 2712 oab.
177 2647 200 2680 'W
400 2660 403 2667 ’
449 2660 452 2667 ’
483 2660 615 2729 &tuffiaco
671 2659 674 2666 ’
698 2646 716 2679 p'
758 2662 761 2669 ’

106 2724 146 2769 Gap.
158 2727 250 2761 LXXXII.
268 2723 417 2773 1)μ1)1166“61111
431 2727 453 2759 al.

72 2770 453 2853 a·trutttttttattath
483 2769 704 2862 6111111161
714 2770 866 2863 {ratiti

69 2855 94 2890 ⁴D·
104 2879 127 2884 —-
134 2859 153 2907 3)
162 2830 383 2911 1611111161Η611.1.’6.,
396 2867 454 2898 nostra
481 2844 541 2906 ,61166
555 2851 588 2898 11111
601 2860 685 2910 1611116111
696 2844 731 2898 inv
740 2846 834 2898 6611-
847 2861 865 2909 4)
