1824 3065
92 128 135 171 324
300 138 693 174 ιτ.παπαπαπαῖαοαοταττ.οττττσ.ἱ

92 239 178 275 videtur:
203 242 291 275 τοιοῦτον
311 237 400 284 τρόπον
419 236 465 272 κατὰ
484 240 539 280 cett,
561 239 603 271 aut:
624 238 713 272 τοιοῦτον
732 236 779 273 κατὰ
798 237 885 287 τρόπον

92 285 139 322 κατὰ
153 288 199 321 cett.

139 331 161 367 P.
172 331 238 376 4028
255 327 388 375 apographum
407 327 553 364 Dresselianum
571 326 693 374 porrigebat:
710 326 804 373 ἒννόησεν.
828 329 884 367 Licet

94 377 156 425 igitur
168 376 225 412 etiam
237 376 260 410 de
275 373 373 420 ἐνενόησεν
384 373 481 422 cogitare,
496 374 531 410 sed
542 372 619 419 ἐνόησεν
631 372 752 419 probabilius
767 373 851 410 videtur.
862 398 884 405 ..

94 424 202 464 Lacunam,
218 432 266 467 quae
281 423 311 454 est
318 432 337 454 v.
348 421 376 465 10,
387 424 440 456 recte
453 421 548 465 expletam
559 430 602 454 esse
617 418 748 462 aDresselio,
764 422 817 454 extra
832 420 884 457 dubi-

94 468 173 503 tationis
187 467 249 501 aleam
260 465 345 511 positum
355 466 437 501 videtur.
461 466 518 501 Licet
530 468 594 500 autem
609 476 678 511 graece
689 474 750 509 acque
760 464 810 499 benc
823 465 885 503 dicere

94 511 268 559 duodenenarium
279 513 317 556 ἔχει
329 525 358 551 τις
369 515 427 557 atque
439 511 499 559 φύσιν
511 513 546 547 τοῦ
557 510 663 547 ἀποθανεῖν
672 512 710 556 ἔχει
719 524 755 552 τις,
765 519 813 554 quae
826 510 884 548 dictio

93 558 186 603 reperitur
193 569 212 602 p.
219 555 260 601 405,
269 555 312 600 6sq.
325 554 364 590 cfr.
374 567 389 592 e.
399 568 426 603 gr.
434 569 452 602 p.
461 557 501 600 115,
510 557 538 599 18,
547 556 587 599 391,
596 556 606 590 6
615 558 634 590 et
641 555 682 599 401,
690 554 713 588 12
721 566 748 601 sq.
757 574 780 580 —
789 555 811 590 V,
819 555 840 589 11
846 568 885 603 sqq,

94 603 142 638 haec
150 602 272 649 reperiuntur
280 600 362 648 scripta:
375 601 428 651 ι”ημλρ
438 603 471 639 οἰικ
480 601 554 650 dayam
567 599 639 649 ιἰηιήρως
648 598 777 648 [ὑπάρχοντες]
786 603 817 636 καὶ
824 605 884 649 πιρώ-

95 651 141 690 ιλους
152 647 216 689 οὐσίας
229 652 255 689 εἰς
267 646 326 696 σάρκα
352 648 487 696 ετετράπησαν,
500 652 530 685 καὶ
543 651 561 683 οἱ
570 647 618 687 παςά
631 645 744 693 τῴἈβραάμ
755 644 885 693 [ξενι]σθε’ντες

94 699 140 730 cett.
162 694 187 729 In
203 694 316 741 apographo
355 693 460 730 rosseliano
474 695 577 740 reperitur:
598 691 660 740 ἢηάρ,
684 691 716 726 Ad
732 702 799 727 vocem
812 692 885 740 άνήριος

94 739 205 776 Dresselius
217 739 327 783 adnotavit,
340 752 360 775 se
370 739 443 775 codicis
455 740 569 785 scripturam
577 741 651 773 mutare
659 737 754 782 noluisse,
763 738 827 781 oredo,
837 742 885 783 quod

96 786 251 832 supplementum
262 785 379 832 ὑπάρχοντες
389 797 427 820 non
438 797 516 830 prorsus
525 789 597 819 certum
607 783 693 819 haberet.
717 783 742 817 Et
750 782 836 828 profecto
845 786 886 830 ipsa

95 831 131 866 illa
145 831 240 876 scriptura
252 833 360 876 scrupulum
376 829 440 876 injicit
453 830 476 865 de
491 829 573 865 veritate
589 830 712 874 conjecturae
725 828 847 874 quantumvis
861 831 885 865 ad

97 876 212 912 sententiam
220 875 338 921 aptissimae.
354 875 424 911 Utrum
432 875 492 921 igitur
500 873 640 910 interciderunt
648 874 716 909 verba:
726 873 793 922 φύσει
800 889 809 915 ς
817 875 841 920 ἔχ
847 889 856 910 ο
862 889 885 912 ν-

97 935 142 963 τες,
151 932 176 956 an
184 924 276 966 posuerat
284 919 316 956 hic
326 920 416 967 scriptor:
425 919 499 968 ιἰηιήρω
513 919 607 967 σώματα
616 918 723 966 ἔχοντεςῗ)
744 918 821 954 Deinde
830 924 859 955 md
868 926 886 958 οἱ

95 966 140 1003 ferri
148 966 222 1012 nequit.
241 965 337 1012 Conjiciat
345 966 421 1013 aliquis,
431 967 524 1011 scriptum
536 965 607 1001 fuisse:
620 968 707 1003 ἐκεῖνοι
719 967 745 1005 οἱ,
758 970 800 1000 aut:
813 969 835 1001 οἱ
845 971 886 1003 καὶ.

95 1012 123 1048 At
132 1011 220 1059 equidem
229 1024 268 1048 non
277 1012 352 1057 dubito,
365 1012 412 1060 quin
420 1012 517 1058 particula
525 1015 556 1048 καὶ
566 1010 657 1047 vocabuli
670 1010 754 1057 alicujus
763 1010 830 1046 omissi
838 1010 885 1047 indi-

96 1058 147 1093 cium
161 1058 264 1094 contineat.
289 1058 383 1094 Nimirum
395 1058 486 1104 scriptum
499 1061 548 1093 erat:
560 1077 583 1082 —
595 1060 621 1097 εἷς
633 1057 692 1104 σάρκα
702 1057 846 1103 μετετράπησαν
857 1063 886 1094 καὶ

95 1101 119 1140 αἶ
121 1119 161 1154 μα,
171 1106 190 1139 οἱ
198 1103 250 1147 παρὰ
258 1107 304 1140 cett.
327 1103 395 1139 Dictio
405 1103 451 1151 σὰρξ
461 1107 491 1139 καὶ
500 1101 554 1151 αἷμα,
567 1103 591 1137 dc
602 1114 640 1149 qua
652 1102 759 1148 disputavit
767 1102 886 1139 Fritasohius

97 1149 155 1191 Quat.
162 1149 187 1184 N.
195 1150 218 1183 1¹.
226 1150 301 1195 Evang.
308 1149 325 1192 l,
333 1162 352 1195 p.
360 1150 401 1191 535,
412 1149 533 1195 periphrasin
542 1147 591 1183 iacit
602 1148 664 1184 totius
671 1147 754 1182 hominis
763 1148 858 1192 animalis,
866 1153 888 1184 ut

96 1195 148 1241 apud
156 1193 236 1230 Siracid.
245 1194 299 1239 XIV,
308 1194 336 1239 18,
343 1194 413 1230 Matth.
422 1194 475 1240 XVI,
484 1195 506 1231 11
515 1193 563 1230 etin
572 1192 627 1239 epist.
636 1193 661 1229 ad
668 1192 728 1229 Hebr.
736 1193 762 1237 11,
771 1194 798 1229 14.
806 1214 828 1219 —
837 1193 861 1229 V.
866 1195 887 1229 15

97 1239 147 1275 haec
159 1241 264 1286 reperimus
276 1240 329 1287 typis
343 1252 443 1286 expressa:
456 1245 486 1277 καὶ
498 1239 550 1289 ὁμῶς
562 1242 654 1280 παλαίσας
670 1241 702 1276 ἐπὶ
716 1238 750 1284 τὴν
766 1242 817 1276 idion
830 1239 887 1277 αὐτοῦ

97 1285 157 1334 φύσιν
167 1289 267 1332 βουληθεὶς
282 1286 357 1332 ἐτράπη.
369 1286 403 1333 ἤδη
416 1290 442 1327 εἷς
454 1288 492 1337 πῦρ
506 1284 669 1335 μεταβαλλόμενος
680 1284 783 1331 τοῦἸακιάβ
795 1285 816 1321 τὸ
828 1285 887 1322 πλατὺ

95 1333 163 1378 νεῦρον
172 1331 205 1367 οὐκ
213 1334 279 1369 ἔκαυσε
286 1336 328 1386 μέν,
339 1335 384 1367 cett.
407 1331 545 1379 Apographum
553 1330 699 1366 Dresselianum
707 1331 821 1376 praebebat:
831 1330 886 1379 ὅμως.

95 1375 202 1413 Universos
211 1378 265 1412 locus
274 1389 303 1414 src
311 1377 389 1413 videtur
397 1388 440 1413 esse
449 1376 607 1412 constituendus:
619 1380 680 1412 καὶ-
689 1376 761 1423 ἐτράπη
769 1376 804 1423 ἥιλη
814 1381 840 1417 εἷς
848 1379 886 1423 πῦρ

95 1423 265 1472 μεταβαλλόμενος,
274 1424 302 1463 ὠς
310 1425 344 1458 τοῦ
352 1423 412 1469 Ιακὼβ
420 1426 466 1458 cett.
488 1422 562 1459 Vocem
571 1421 606 1467 ἥβη
617 1421 739 1467 interpretari
749 1422 797 1457 licet
808 1422 887 1466 „statim

96 1479 155 1513 quum
163 1467 238 1503 voluit“
246 1470 279 1504 vel
287 1471 390 1514 „revera“3
402 1470 426 1509 ὠς
437 1469 471 1505 οὐκ
479 1469 545 1505 ἔκαυσε
555 1469 592 1516 μὲν
600 1466 707 1513 significat:
722 1478 792 1513 „quum
800 1479 838 1503 non
847 1467 887 1514 qui-

98 1514 142 1549 dem
151 1513 309 1550 combussissent

141 1559 163 1594 P.
169 1558 257 1605 403,1sq.
265 1560 286 1595 in
294 1558 357 1595 verbis
364 1563 395 1595 καὶ
404 1558 508 1606 ὁμοοῦσιον
515 1558 541 1607 μὴ
548 1556 635 1608 παροάση
640 1559 703 1608 τροπῇ
709 1558 813 1604 προβάλλει,
821 1558 887 1595 mott-

96 1617 158 1655 ναμον
166 1605 187 1640 dt
196 1602 227 1646 οὕ,
237 1605 332 1650 quomodo
341 1605 386 1641 ferri
393 1604 457 1651 possit
464 1604 497 1652 μὴ,
508 1614 571 1651 neque
580 1614 618 1649 ego,
625 1604 688 1647 video,
698 1606 717 1638 et
724 1604 836 1640 Drcsselius
844 1604 887 1650 ipse

96 1650 117 1685 in
128 1651 287 1696 interpretatione
299 1650 360 1686 latina
370 1650 428 1696 plane
440 1650 505 1686 omisit
516 1649 636 1685 vocabulum.
661 1649 796 1685 Scribendunr:
808 1651 856 1698 μὲν.
865 1672 888 1678 -

96 1695 182 1742 V.4pro
194 1696 306 1743 προβάλλων
316 1697 447 1742 reponendum
461 1696 546 1731 videtur:
564 1694 695 1742 προβαλὼν,
712 1699 731 1731 et
742 1694 784 1731 v.4
799 1702 887 1744 προβα-

97 1741 181 1782 λόντος
193 1752 227 1787 pro
241 1740 384 1790 προβάλλοντος.
407 1742 431 1777 In
451 1742 563 1788 apographo
579 1742 704 1777 Dresseliano
718 1740 755 1777 hoo
767 1741 827 1777 altero
843 1742 886 1776 loco

97 1786 192 1833 reperitur
201 1786 340 1834 προβαλλόντος
352 1787 401 1832 (sic).
423 1786 492 1822 Paullo
505 1787 555 1822 infra
562 1799 579 1824 r.
588 1788 610 1823 12
623 1788 684 1823 codex
694 1798 761 1822 revera
772 1787 831 1823 hahet
839 1800 887 1832 προ-

96 1833 192 1878 βαλόντος.
208 1833 247 1869 Cfr.
256 1833 315 1868 etiam
323 1834 387 1869 adnot.
396 1832 420 1868 ad
428 1845 446 1878 p.
455 1832 494 1878 378,
503 1832 526 1868 14
534 1835 554 1869 et
561 1844 579 1878 p.
588 1834 629 1877 319,
639 1835 653 1870 1,
662 1853 685 1859 -
692 1830 724 1867 Ad
732 1845 748 1867 v.
758 1832 887 1868 ssDresselius

97 1878 185 1921 adnotat,
195 1889 252 1923 quum
259 1877 368 1914 Michaeam
376 1879 456 1924 scriptor
464 1879 505 1924 jam
514 1878 574 1914 semel
581 1878 698 1926 produxerit,
706 1877 759 1914 haud
767 1877 825 1914 dubie
834 1878 888 1913 aliud

98 1935 167 1959 nomen
175 1925 308 1970 reponendum
316 1935 359 1959 esse
367 1936 391 1960 ex
398 1923 445 1968 illis,
453 1935 503 1970 quae
512 1932 647 1960 enumerantur
655 1924 709 1959 Hom.
717 1923 745 1968 11,
753 1925 770 1959 1.
795 1924 846 1961 sane
854 1927 888 1960 aut

97 1968 187 2005 hocloco
196 1974 230 2005 aut
237 1982 255 2016 p.
264 1969 323 2013 3915
332 1980 401 2005 nomen
410 1969 522 2005 mutandum
531 1969 571 2006 erit.
586 1970 670 2007 Videtur
681 1974 744 2005 autem
755 1969 887 2016 probabilissi-

97 2026 155 2059 mum,
164 2014 257 2051 alterutro
265 2015 308 2050 loco
318 2014 409 2061 scriptum
417 2013 487 2050 fuisse:
497 2022 644 2062 Ζακχαῖος-
657 2015 710 2058 Quae
717 2029 733 2051 v.
742 2016 785 2062 8sq.
796 2016 889 2062 leguntur

97 2060 164 2096 verba:
174 2064 191 2097 εἰ
197 2063 218 2098 δὲ
227 2061 298 2111 ὁμοίως
305 2059 411 2107 γεγόνασιν,
418 2060 498 2107 dilatant
504 2062 552 2097 εἶναι’
558 2076 592 2119 μοι
600 2064 657 2105 ιλοκεῑ,
664 2064 731 2106 aperte
737 2062 829 2097 mendosa
836 2064 887 2096 sunt.

98 2104 233 2142 Scribendum:
242 2107 324 2153 άιλελφοί
331 2110 400 2148 εἰσιν,
416 2108 425 2142 ἒ
428 2110 469 2154 μοὶ
477 2107 533 2142 donat.
551 2105 643 2142 similiter
651 2118 666 2142 e.
675 2118 693 2151 g.
703 2107 784 2142 Pausan.
796 2107 820 2150 V,
829 2107 857 2151 21,
866 2108 887 2142 5:

98 2153 190 2199 ιλοκεῖμοι
200 2152 229 2197 (λη,
238 2155 273 2188 τοῦ
283 2153 346 2189 (tacut
355 2151 443 2200 μαθητὴς
453 2151 465 2196 ἢ
474 2158 518 2192 παῖς
530 2152 539 2188 ὁ
551 2156 662 2198 Καλλιτέλης
669 2151 697 2197 ἦν.
721 2153 753 2186 An
761 2152 804 2198 quis
813 2156 885 2196 censet,

97 2196 202 2243 legendum
211 2209 262 2233 esse:
271 2219 295 2223 —
303 2201 360 2239 εἰσιν,
373 2200 425 2248 1ἒμοὶ
435 2197 526 2233 doario?
540 2219 563 2223 —
576 2197 599 2233 V.
607 2198 666 2243 itsqq.
679 2197 766 2243 sequitur
777 2199 842 2243 locus,
855 2199 888 2244 qui

97 2242 163 2287 plures
171 2254 242 2278 naevos
251 2243 354 2288 adspersos
362 2243 431 2279 habet:
440 2248 492 2288 εἴπερ
500 2247 603 2292 μέμνησαι,
617 2244 643 2280 ὡν
655 2246 675 2280 ἐν
683 2244 731 2290 άρχη
742 2244 803 2287 εἶπον,
815 2242 844 2279 ὅτι
853 2247 888 2281 τοῦ

98 2289 185 2336 πονηροῦ
197 2287 208 2333 ἡ
221 2288 330 2335 τετραγενὴς
341 2291 376 2326 τοῦ
389 2289 476 2337 σώματος
488 2290 543 2326 οὐσία
554 2282 730 2337 πιηιιιλοκρινημένη
743 2288 781 2325 ὑπὸ
794 2291 828 2325 τοῦ
840 2292 888 2326 θεοῦ

98 2331 216 2380 προεβλήθη,
230 2336 263 2374 ἔξω
273 2335 294 2369 di
302 2333 358 2378 αὐτῆς
365 2335 411 2371 κατά
419 2334 454 2380 τὴν
462 2336 496 2370 τοῦ
507 2334 636 2382 προβαλόντος
642 2334 711 2382 βουλὴν
719 2335 788 2381 ἓκράθη
797 2334 846 2383 πρὸς
854 2334 888 2381 τὴν

97 2381 165 2427 κρᾶσιν
173 2394 184 2424 η
192 2384 256 2419 κακοῖς
261 2383 354 2427 χαίρουσα
362 2384 477 2428 προαίρεσις.
487 2380 511 2422 ὠς
519 2386 579 2424 νοεῖν,
589 2380 618 2417 ὅτι
626 2383 674 2417 θεοῦ
681 2382 717 2428 μὲν
726 2384 792 2417 τέκνον
800 2382 811 2425 ἦ
821 2394 886 2428 τετρα-

96 2424 151 2472 γενης
160 2426 179 2465 ἐξ
189 2425 249 2461 αὐτοῦ
258 2428 386 2473 προβληθεῖσα
398 2426 461 2469 οὐσία,
477 2426 487 2472 ἡ
498 2431 529 2463 καὶ
540 2427 586 2472 αῦτη
598 2425 644 2463 οῦσα
655 2427 688 2464 ciel.
703 2426 735 2462 tat
746 2430 766 2462 τί
776 2428 797 2464 di
808 2428 842 2466 ἔξω
855 2426 887 2463 ὑπ’

97 2469 156 2507 αὐτοῦ
164 2474 266 2519 πραθείσης
274 2469 338 2510 οὐσίας
346 2470 356 2515 ἡ
366 2477 489 2519 συμβεβηκυῖα
494 2478 558 2513 κακοῖς
562 2477 773 2519 χαίρουσαπροαίρεσις
780 2475 887 2519 ἐπεγίνετοῑ

97 2521 127 2552 καὶ
136 2514 196 2556 οὕτως
204 2515 247 2553 οὔτε
257 2514 295 2552 ὑπὸ
305 2517 339 2551 τοῦ
347 2520 394 2553 θεοῦ
401 2522 516 2565 γεγέννηται,
526 2517 569 2554 οὔτε
578 2517 610 2565 ὑφ’
620 2520 685 2564 ἑτέρον
694 2517 750 2560 τινός,
760 2518 796 2554 ἀλλ’
805 2516 847 2554 οὔτε
855 2518 887 2554 ὑπ’

92 2561 157 2598 ,αὐτοῦ
164 2565 290 2609 προβέβληται
299 2559 341 2596 οῦτε
349 2562 459 2610 αὐτομάτως
467 2563 601 2612 προελήλυθεν,
612 2563 654 2600 οῦτε
663 2564 691 2601 ἀεὶ
699 2562 722 2608 ἦν
731 2567 776 2599 cett.
795 2563 888 2599 Tentavit

96 2606 160 2641 locum
172 2608 230 2642 etiam
241 2605 361 2643 Uhlhornius
373 2607 385 2642 1.
395 2619 410 2643 c.
418 2620 436 2653 p.
444 2608 482 2654 180,
492 2608 535 2645 adn.
543 2609 572 2644 39.
595 2609 632 2645 Pro
645 2612 829 2657 πεφολοκρινημένη,
838 2621 887 2655 quae

96 2662 133 2686 vox
142 2663 188 2687 sane
200 2653 221 2688 in
232 2650 344 2699 apographo
353 2650 479 2689 Dresseliano
490 2654 586 2701 reperitur
595 2659 614 2690 et
625 2655 650 2690 ab
658 2654 765 2692 Uhlhornio
775 2655 887 2698 admittitur,

97 2697 219 2733 scribendum
228 2701 267 2734 est:
280 2700 504 2747 πεφιλοκρινημένη,
516 2711 553 2746 quo
561 2700 656 2736 vocabulo
665 2712 711 2737 usus
720 2704 750 2736 est
758 2699 887 2736 Homiliarum

98 2742 180 2788 scriptor
188 2755 206 2789 p.
214 2743 254 2789 381,
263 2744 290 2786 14,
299 2743 323 2779 de
333 2742 400 2780 eadem
410 2754 431 2778 re
442 2754 508 2790 agens.
530 2745 611 2794 Ἐκράθη
621 2745 718 2782 Dresselii
730 2746 843 2792 conjectura
851 2750 887 2789 est,

98 2787 160 2823 codex
169 2787 184 2823 O
193 2790 282 2835 praebet:
291 2794 387 2840 κραθείση.
408 2788 449 2831 Quo
458 2790 499 2825 fere
507 2791 563 2827 modo
572 2791 708 2828 constituenda
716 2791 755 2827 sint
762 2792 826 2836 verba,
835 2803 887 2828 mon-

97 2836 159 2869 strant
171 2844 202 2878 ea,
215 2847 264 2881 quae
276 2835 341 2882 paullo
352 2838 397 2883 post
409 2836 501 2883 leguntur
512 2837 557 2872 inde
569 2848 581 2872 a
592 2837 657 2874 verbis
666 2839 700 2878 ἔξω
710 2837 740 2874 ὑπ’
750 2837 814 2879 αὑτοῦ,
825 2841 844 2873 et
853 2837 887 2874 alii
