1824 3065
84 133 128 177 314
296 144 676 180 rurnsnnnnrnnuorrrr.onrrr.

85 245 155 281 dictio:
169 250 245 295 ym'pem
261 246 290 281 εἰτ’
302 245 388 294 ὀλέθρου.
411 243 481 286 Ρ.398,
491 244 513 279 10
527 242 619 289 scriptum
633 243 738 289 reperitur:
754 244 787 279 ἐπὶ
802 245 879 284 κακώσει,

82 296 163 341 χαίρειν,
173 285 195 327 iit
203 291 289 338 postulat
297 290 376 337 linguae
383 300 436 325 usus.
442 309 464 314 —
472 288 629 336 V.18sq.·ser1no
639 293 669 324 est
678 288 701 325 de
709 287 761 323 Malo
768 287 798 323 his
805 291 878 328 verbis:

85 333 494 384 -καὶελιὰτίάρχῇτετίμηταιῑὁτρμήσας,
510 335 534 371 δι’
544 335 566 371 οὑ
578 339 681 384 τετίμηκεν,
697 333 722 374 ὠς
734 339 797 375 κακοῖς
808 341 880 385 χαίρων

86 388 180 432 φαίνεται.
203 380 314 417 Dresselius
322 392 357 427 pro
367 382 392 416 δι’
402 381 424 416 οὑ
433 380 537 427 legendum
546 391 588 417 esse
598 380 705 416 existimat:
716 379 743 415 dr'
753 378 783 417 ὅν,
796 378 879 419 Athaco

26 454 33 456 -
87 428 181 465 correctio
189 426 257 473 proceri
266 426 324 462 (inhio
333 437 372 462 non
381 429 411 462 est
420 426 545 462 admittenda.
564 425 660 471 Equidem
668 424 734 462 nescio
743 436 766 459 au
776 425 800 462 dr?
811 420 834 462 οὗ
842 439 879 463 ser-

86 474 169 510 vandum
177 474 203 508 sit
217 472 245 508 ita
254 475 365 518 acceptum:
380 483 428 519 „per
439 483 491 517 eum,
503 483 560 519 quem
570 471 691 507 honoravit.“
715 470 783 506 Facile
795 471 853 507 alicui
860 472 880 510 in

87 523 170 555 mentem
178 518 251 554 veniat:
261 517 317 554 ιλιότι.
330 517 369 553 Sed
376 518 396 553 id
403 517 450 553 mihi
457 518 533 565 quidem
539 517 658 553 nonomnino
666 518 737 564 placet.
750 517 854 553 Praeterea
861 518 881 555 in

86 564 141 601 initio
147 564 260 611 posterioris
268 563 363 599 enuntiati
368 563 488 600 desideratur
494 563 609 600 vocabulum
614 575 705 617 graecum
712 574 735 598 ea
742 563 821 599 notione
828 575 880 610 prae-

87 611 153 655 ditum,
161 621 199 656 qua
207 609 327 655 „nimirunr“,
337 610 388 657 quod
395 610 461 657 posuit
469 610 580 647 Dresselius
588 609 608 645 in
616 607 777 656 mrerprecatione
785 609 851 645 latina.

131 656 153 692 P.
161 656 201 700 386,
210 657 221 690 2
230 667 258 702 sq.
267 655 424 691 scribendumne:
439 655 461 693 εὖ
470 658 497 699 de',
513 655 542 693 ὅτι
552 658 597 691 cett.
606 667 642 703 pro
652 659 668 692 εἰ
677 658 697 692 δὲ
706 654 747 697 ὅτι,
756 654 784 690 ita
792 658 815 690 ut
822 654 881 692 verba

87 702 107 739 εὖ
122 703 142 738 dt
156 701 285 738 construenda
298 702 337 738 sint
350 714 393 738 cum
403 702 477 738 verbis:
489 702 510 739 τὸ
520 701 618 750 χρήσιμον
629 701 639 739 ὁ
651 701 731 749 τιμήσας
746 699 848 748 αροεῖδενῗ
859 722 881 728 -

86 747 110 784 V.
119 749 130 784 5
138 748 207 783 verba:
222 747 268 797 μήτι
279 748 308 784 ἀεὶ
316 747 381 785 ὤνκαὶ
389 747 449 789 οὕτως
457 748 560 796 ἀναιρεῖται
569 747 591 783 τὰ
600 750 632 793 τῆς
639 752 748 797 μοναρχίας,
758 749 825 793 aperto
834 746 881 783 vitio

87 793 188 840 inquinata
196 798 247 830 sunt.
272 792 393 840 Scripserim:
408 793 437 842 μὴ
452 799 534 831 τοίνυν
546 796 577 830 ναὶ
589 793 648 834 οὕτως
661 797 708 829 cett.
732 792 786 835 Quae
797 792 882 839 proxime

88 843 195 886 sequuntur
203 852 220 874 v.
230 841 240 875 [5
249 839 277 875 sio
288 839 339 875 inter
353 839 445 886 ungenda
459 841 513 874 sunt:
526 838 655 886 σοναρχούσης
666 843 696 875 καλ
709 839 782 887 ἑτέρας,
795 840 827 884 τῆς
838 838 883 875 κατὰ

88 885 122 930 τὴν
131 884 180 931 ὕλην,
190 885 295 933 ιλιινιὶμεαςῑ
305 906 329 910 -
339 852 366 922 lif.
375 887 397 920 10
406 884 473 920 dubito
481 896 506 920 au
514 884 584 928 verba,
597 895 646 930 quae
655 885 678 920 de
688 885 800 931 conjectura
808 883 883 919 addidit

87 931 208 975 Dresselius,
222 934 268 977 apta
276 942 315 966 non
324 930 368 966 sint.
393 928 441 965 Cum
449 929 522 965 verbis:
536 929 565 967 ὅτι
574 931 595 966 dt
607 930 641 966 οὐκ
652 934 701 968 εἰσὶν
711 930 826 978 λσοιλύναμοι
838 933 882 978 φαί-

87 990 159 1018 νονται,
168 976 202 1011 cfr.
211 976 273 1023 Epist.
281 975 296 1010 Ι.
305 975 388 1011 Johann.
397 976 422 1020 II,
433 976 463 1011 19:
476 978 506 1013 ἵνα
518 978 660 1024 φανερωθῶσιν
666 976 695 1013 ὅτι
706 975 740 1012 οὐκ
752 979 800 1012 εἰσὶν
813 974 882 1016 πάντες
901 1018 903 1021 Υ

87 1024 107 1063 ἐξ
115 1021 173 1071 ἡμῶν,
181 1021 216 1057 ubi
224 1020 337 1070 φανερώίλην
346 1020 376 1058 ὅτι
383 1021 435 1057 idern
443 1025 473 1058 est
482 1025 549 1067 atque:
559 1022 642 1070 φανερὸν
650 1026 674 1067 ἠν
681 1021 711 1058 ὅτι
720 1020 856 1069 ἓνώοολί.-1ί.
862 1021 882 1055 12

87 1066 131 1103 vide
140 1079 165 1103 an
177 1067 249 1103 codicis
262 1066 358 1113 scriptura
371 1078 418 1103 sana
430 1067 455 1102 sit
467 1070 487 1103 et
498 1068 526 1102 sic
535 1067 699 1113 interpungenda:
708 1071 739 1103 καὶ
746 1066 790 1116 μήτι
799 1081 821 1114 γε
830 1067 882 1102 ἔστιν

89 1117 155 1155 ελαεῐν,
166 1112 195 1148 ὅτι
203 1113 232 1150 dd
240 1112 268 1157 ἧν,
278 1112 333 1149 οὐσία
342 1112 393 1155 οὖσα,
404 1112 438 1160 οὐχ
446 1112 478 1158 ὕλη
487 1112 510 1154 ὡς
520 1115 568 1151 Θεοῦ
577 1118 660 1161 ταμεῖον,
672 1113 733 1148 Porro
741 1112 839 1158 particula
847 1111 882 1155 ὅτι,

89 1169 146 1205 quam
155 1158 178 1194 de
187 1170 220 1194 suo
227 1158 303 1194 addidit
309 1158 427 1202 Dresselius,
437 1157 585 1204 haudquaquam
592 1158 668 1193 omnino
676 1170 723 1205 opus
730 1158 813 1193 videtur,
824 1156 884 1192 Deni-

89 1214 126 1251 que
135 1215 184 1249 quae
192 1205 277 1250 proxime
289 1203 377 1249 sequitur
386 1205 465 1248 lacuna,
479 1215 521 1239 eam
531 1215 570 1239 non
579 1203 646 1239 dubito
656 1204 701 1250 quin
712 1215 813 1250 perperam
821 1203 885 1248 exple-

88 1249 139 1285 verit
147 1249 259 1286 Dresseiius
267 1250 383 1285 vocabulum
391 1255 468 1298 ταμεῖον
477 1248 587 1285 inserendo.
599 1247 679 1284 Excidit
685 1249 761 1285 forsan:
770 1263 832 1286 ποτε.
845 1247 884 1284 eh.

89 1308 107 1342 p.
117 1294 181 1338 1515.
192 1315 216 1320 —
226 1295 250 1332 V.
262 1293 285 1329 14
293 1306 351 1340 quum
359 1296 420 1331 codex
431 1293 548 1341 Opraeheat
555 1310 582 1342 μο
594 1294 635 1330 sine
644 1297 734 1339 accentu,
743 1295 821 1337 lacuna,
836 1305 884 1341 quae

90 1340 184 1385 sequitur,
196 1341 225 1376 sic
234 1343 276 1376 erat
285 1340 380 1385 explenda.
390 1344 412 1376 ut
425 1340 551 1377 scriberetur:
563 1339 686 1390 μονιλρχης.
709 1340 763 1376 Vidit
774 1339 812 1376 hoc
826 1342 884 1376 etiam

88 1384 208 1422 Uhlhornius
217 1387 230 1421 1.
240 1398 255 1422 ο.
263 1399 282 1433 p.
292 1386 332 1431 180,
344 1387 388 1422 adn.
400 1386 429 1422 40.
452 1386 600 1422 Patrocinantur
614 1390 693 1422 nostrae
708 1386 816 1422 sententiae
830 1397 884 1433 prae-

89 1436 145 1468 terea
153 1443 202 1478 quae
208 1432 295 1479 proxime
303 1432 464 1479 antegrediuntur
470 1432 539 1468 verba:
549 1431 594 1469 ιἰλλὶι
600 1433 629 1469 ea
637 1432 660 1478 ἧν
668 1432 728 1481 μόνος
736 1432 803 1480 ιλρχων.
815 1432 885 1468 Paullo

89 1476 141 1513 infra
150 1478 282 1514 scribendum:
294 1481 368 1525 λέγοιτο
377 1480 418 1515 τοῦ
426 1477 486 1519 ὄντος.
498 1499 521 1505 -
532 1478 555 1515 V.
566 1479 587 1513 15
594 1489 635 1524 sqq.
644 1479 672 1514 sie
681 1478 857 1525 interpungendum
866 1481 886 1513 et

91 1523 227 1571 corrigendum
236 1534 317 1560 censeo:
329 1527 350 1560 τί
360 1522 399 1565 οὖν,
412 1527 432 1559 εἰ
440 1523 507 1560 ἑαυτὸν
516 1525 605 1570 ἐποίησεν
614 1523 623 1560 ὁ
633 1524 725 1572 αονηρός;
733 1528 764 1561 καὶ
772 1523 885 1572 οὕτωςάνα-

90 1568 127 1611 aeg
136 1570 145 1606 ὁ
156 1569 204 1613 θεός,
214 1569 248 1613 ὅτι,
261 1568 315 1610 εἰδὼς
323 1569 381 1607 αὐτὸν
387 1571 475 1615 snt-iane
482 1568 579 1616 ἐσόμενον,
601 1570 691 1619 ινόμενον
699 1570 756 1608 αὐτὸν
765 1570 799 1607 οὐκ
808 1571 884 1612 ἀνεῖλεν,

90 1615 121 1652 ὅτε
130 1615 154 1656 ὠς
165 1615 231 1662 ἀτελὴς
239 1616 361 1664 ἀναιρεθῆναι
370 1615 451 1656 ιλιινατὸς
459 1616 491 1661 ἦν·
506 1616 569 1658 Quum
601 1616 693 1651 resseiius
705 1615 768 1663 prima
779 1616 838 1652 verba
850 1615 886 1651 tali

90 1661 146 1696 modo
154 1661 215 1697 latina
224 1661 301 1698 fecerit:
314 1661 385 1706 „Quid
393 1660 409 1696 si
416 1665 477 1698 semet
483 1661 525 1708 ipse
535 1661 719 1706 creaveritMaius“,
726 1661 802 1698 dubitet
808 1660 885 1709 aliquis,

90 1707 142 1743 auid
149 1707 212 1752 ipsum
220 1718 267 1754 prae
275 1707 337 1743 oculis
345 1707 441 1752 hahuerit,
451 1708 502 1754 quod
510 1719 547 1754 ego
555 1708 656 1754 pr0p0s1u3
665 1708 700 1744 sed
708 1719 739 1743 res
747 1707 825 1744 minime
834 1711 887 1744 certa

91 1755 126 1789 est.
142 1752 171 1789 Ne
184 1753 226 1799 quis
238 1753 354 1789 vocabulum
364 1752 423 1790 αὐτὸν
436 1754 498 1789 altero
510 1753 553 1789 loco
565 1753 650 1800 positum
662 1753 760 1789 existimet
774 1753 886 1789 mutandum

91 1809 140 1841 esse,
150 1798 249 1834 offendens
258 1799 334 1834 scilieet
342 1799 363 1834 in
373 1799 492 1834 abundantia
505 1799 608 1844 orationis,
620 1799 687 1847 relego
699 1798 724 1835 ad
735 1799 806 1835 librum
818 1798 887 1845 Vigeri

91 1845 115 1879 de
129 1843 223 1880 Idiotism.
237 1857 255 1891 p.
264 1845 298 1881 171
312 1844 357 1879 adn.
372 1844 417 1880 edit.
425 1844 459 1880 IV.
472 1843 512 1882 Cfr,
524 1846 582 1881 etiam
597 1857 615 1891 p.
627 1844 668 1889 413,
681 1846 704 1881 21
716 1856 744 1892 sq.
764 1844 887 1881 Vocabulum

91 1889 156 1935 ἀτελὴς
165 1889 275 1935 significare
284 1890 381 1934 „nondum
389 1889 462 1934 finitus,
471 1890 585 1926 absolutus“
593 1902 648 1926 nono
663 1903 686 1925 us
693 1893 746 1927 esset
751 1903 839 1936 monere,
848 1890 887 1926 nisi

91 1934 204 1970 Dresselius
217 1935 356 1980 interpretatus
368 1938 420 1971 esset
433 1947 484 1981 „non
495 1936 602 1972 initiatus‘t
614 1957 638 1962 —-
667 1937 703 1973 ,18
713 1948 753 1972 non
764 1936 831 1972 dubito
840 1935 886 1983 quin

94 1980 177 2016 delenda
186 1981 225 2015 siut
232 1981 301 2016 verba:
312 1985 342 2017 καὶ
351 1980 382 2017 aa
390 1982 448 2018 ταῦτα
457 1984 531 2022 τέλειος.

137 2026 158 2061 Ρ.
167 2026 207 2070 381,
216 2027 227 2062 3
236 2037 264 2072 sq.
273 2037 322 2072 quae
332 2029 377 2061 sunt
385 2025 453 2061 verba:
465 2030 496 2062 καὶ
506 2026 541 2074 γὰρ
552 2026 591 2063 κατ’
605 2026 670 2074 ὀλίγον
680 2025 784 2075 γινόμενον
795 2026 854 2064 αὐτὸν
863 2026 887 2067 ὠς

92 2070 163 2118 ἐχθρὸν
172 2071 202 2107 ὑπ’
212 2072 271 2108 αὐτοῦ
279 2075 389 2121 προαιρέσει
400 2071 472 2108 ανελεῖν
479 2071 570 2115 ἠδύνατο,
583 2072 611 2106 sio
619 2072 758 2118 iuterpretatur
765 2072 886 2108 Dresselius:

92 2127 167 2162 „neque
176 2116 227 2152 enim
236 2128 279 2152 eum
286 2117 344 2163 paulo
357 2119 402 2152 ante
415 2115 537 2162 genitumut
549 2117 647 2151 inimicum
660 2129 670 2153 e
682 2118 762 2153 consilio
773 2119 815 2164 ipse
827 2117 887 2153 extin-

92 2173 152 2209 guere
160 2163 242 2207 potuit‘.
266 2161 339 2198 Credas
348 2162 399 2207 fere,
415 2172 458 2196 eum
471 2161 491 2196 in
504 2162 571 2196 codice
580 2161 673 2207 scriptum
681 2163 800 2209 repperisse:
815 2162 888 2200 ἀνελεῖν

93 2207 134 2243 οὐκ
142 2206 230 2252 ἠδύνατο.
250 2206 278 2242 At
291 2207 358 2255 quovis
370 2208 452 2255 pignore
462 2206 602 2251 contenderim,
614 2208 694 2243 nonita
706 2219 754 2243 esse.
772 2208 839 2244 Verba
847 2207 885 2244 κατ’

94 2252 160 2299 ὀλίγον
167 2252 271 2302 γινόμενον
279 2252 390 2299 significant
402 2252 524 2299 „paullatim,
533 2252 605 2289 sensim
612 2255 720 2289 nascenti“.
744 2254 810 2301 Negat
817 2254 887 2289 Petrus

94 2309 153 2344 quum
160 2298 185 2333 iis
199 2300 269 2342 utitur,
280 2298 300 2333 id
312 2299 364 2345 quod
375 2301 469 2346 posuerat
480 2297 556 2344 Simon,
567 2299 654 2346 ἐξαίφνης
666 2304 801 2348 συμβεβηκέναι
808 2300 887 2335 Malum.

92 2343 159 2380 Dictio
168 2344 201 2380 ὑπ’
210 2343 269 2380 αὐτοῦ
277 2349 387 2393 προαιρέσει
399 2344 447 2391 quid
459 2344 497 2380 sibi
505 2344 561 2389 velit,
573 2344 630 2390 plane
646 2349 677 2381 est
688 2347 795 2382 obscurum.
819 2345 888 2392 Neque

94 2390 145 2427 enirn
159 2389 240 2426 ferenda
254 2393 283 2425 est
290 2390 385 2426 Dresselii
397 2390 541 2436 interpretatio:
555 2401 579 2436 „e
592 2390 673 2427 oonsilio
682 2392 742 2438 ipse“.
766 2391 811 2428 Non
820 2392 888 2427 dubito

94 2435 140 2483 quin
148 2436 209 2472 verba
218 2440 309 2481 corrupta
317 2436 360 2472 siut.
385 2435 473 2482 Conjicio
485 2440 550 2472 autem
562 2437 654 2482 scriptum
666 2437 736 2474 fuisse:
751 2436 889 2487 ὑπάρχοντα

92 2482 124 2517 vel
136 2482 276 2519 ὑνιιντῶντα
284 2482 342 2518 αὐτοῦ
350 2486 464 2528 προαιρέσει.
473 2503 496 2508 -
506 2482 530 2519 V.
538 2483 549 2518 5
558 2493 595 2527 ego
605 2482 723 2529 scripserim:
738 2483 778 2520 οὐκ
792 2482 819 2520 ἂν
834 2495 889 2520 συνε-

89 2527 155 2576 χώρει,
179 2527 267 2564 Subinde
279 2527 394 2574 typothetae
409 2539 473 2564 errore
485 2532 531 2574 post
541 2527 590 2574 πρὸς
604 2527 711 2565 intercidit:
724 2529 753 2566 τὸ.
769 2551 793 2556 -
809 2529 831 2565 V.
841 2531 851 2565 7
860 2540 888 2575 sq.

93 2575 158 2619 inepte
171 2573 245 2610 editum
257 2577 295 2609 est:
311 2576 341 2609 καὶ
353 2576 422 2613 τέλειος
435 2572 478 2610 οὕτε
491 2576 511 2614 ἐξ
523 2573 556 2610 οὐκ
569 2572 630 2610 ὅντων
638 2578 729 2622 γενέσθαι
737 2591 756 2612 τι
764 2575 831 2612 οὐσίαν
839 2577 889 2622 ἔχειν

94 2619 177 2656 oteramo.
185 2641 209 2646 —
216 2619 240 2656 V.
248 2620 304 2666 lOsq.
317 2618 476 2664 deprehendimus
487 2619 548 2655 verba
561 2618 643 2663 haecce,
655 2620 779 2656 multifariam
788 2624 888 2666 corrupta:

94 2668 125 2701 καὶ
136 2664 196 2706 οὕτως
206 2663 292 2714 πονηρὸν
301 2664 335 2701 οὐκ
344 2665 384 2700 ἔστι
392 2663 451 2701 κακὸν
475 2664 521 2702 όνον
529 2664 553 2706 ὡς
561 2663 612 2712 ὕδωρ
623 2670 674 2713 πυρί,
683 2665 757 2714 &praetr
766 2667 787 2703 dt
796 2669 819 2711 τῆ
828 2667 889 2703 εὐναί-

94 2724 131 2759 ρως
142 2710 219 2760 διψώσῃ
229 2713 259 2759 γῆ,
280 2712 311 2746 Ac
323 2710 406 2756 primum
418 2709 451 2754 qui
465 2721 495 2745 em
508 2710 574 2746 nescio
589 2722 615 2746 an
628 2715 715 2757 praestet
729 2712 780 2748 inter
795 2706 855 2753 odrae
870 2714 890 2746 et

95 2756 179 2802 πονηρὸν
189 2752 276 2793 inser‘ere
289 2756 320 2800 τὸ,
333 2755 385 2803 quod
397 2753 454 2790 facile
467 2754 583 2792 intercidere
591 2757 661 2801 potuit.
679 2757 757 2794 Deinde
766 2769 805 2793 non
815 2756 889 2800 dubito,

95 2801 141 2848 quin
151 2802 242 2838 erraverit
249 2801 370 2844 Dresselius,
386 2811 445 2847 quum
457 2800 495 2835 sibi
508 2802 613 2846 persuasit,
629 2802 753 2839 intercidisse
764 2804 889 2849 negationem

95 2845 135 2883 οὐκ,
148 2844 188 2881 Aut
196 2848 260 2883 omnia
269 2859 299 2884 me
308 2847 380 2883 faliunt
388 2848 422 2882 aut
433 2846 534 2892 sequentia
542 2846 602 2882 verba
613 2847 634 2882 in
642 2847 693 2883 hanc
701 2847 742 2884 fere
752 2849 837 2894 speciem
845 2851 890 2884 sunt
