1827 3065
321 125 426 158 aurona
434 116 540 159 narrans
780 113 822 156 203

38 228 88 270 simul
96 236 119 261 ac
127 223 169 270 ipse
177 223 216 258 iam
224 225 265 258 erat
273 222 377 268 locuturus,
386 224 474 261 introivit
482 224 559 272 quidam
568 236 592 260 ex
600 223 642 259 eius
649 222 736 259 diaconis
746 222 822 258 dicens:

38 278 106 316 Simon,
115 269 148 315 qni
155 266 261 303 Antiochia
269 268 322 303 venit
330 268 373 315 ipsa
381 280 470 317 vespera,
482 270 562 307 audiens
571 274 591 306 te
598 268 711 315 promisisse
720 267 744 304 de
752 267 823 314 princi-

6 346 8 348 ,
42 325 79 360 Jatu
86 315 142 351 unius
149 313 208 348 verba
217 324 259 349 esse
266 313 367 358 facturum,
375 319 454 361 paratus
463 320 492 351 est
500 327 538 351 una
545 327 588 351 curn
593 313 719 351 Athenodoro
727 313 822 360 Epicrueo

37 365 70 404 tibi
86 358 188 396 disserenti
201 357 326 403 intervenire,
341 362 363 394 ut
377 360 442 406 palam
455 361 557 408 impugnet
571 361 635 398 omnia
649 369 775 407 quaecunque
788 370 822 405 pro

6 411 7 414 ’
37 404 142 449 monarchia
150 415 161 439 a
169 406 189 439 te
197 402 318 450 proferentur
326 404 390 441 verba·

79 465 159 503 CXXX.
183 465 238 501 Haec
247 465 324 502 dicente
336 466 417 502 diacono
429 479 474 503 ecce
485 468 583 515 ingressus
596 472 625 504 est
636 467 702 504 Simon
711 478 754 502 cum
762 464 823 500 Athe-

37 516 103 555 nodoro
118 511 200 557 aliisque
215 510 313 546 nonnullis
328 511 433 548 sodalibus.
456 513 482 548 Et
494 517 595 561 antequam
608 514 678 550 Petrus
692 511 768 559 aliquid
780 522 824 558 pro-

37 562 99 603 ferret,
108 557 150 603 ipse
159 556 269 603 anticipans
277 556 315 593 ait:
329 556 426 605 Comperi,
434 561 455 594 te
462 558 504 594 heri
511 559 584 596 Fausto
592 560 701 606 pollicitum
710 569 762 602 esse,
772 556 824 604 quod

7 609 9 611 ’
37 605 89 644 hodie
100 601 167 638 habito
180 613 266 638 sermone
278 602 344 639 ordine
356 614 409 639 esses
421 607 531 640 ostensurus
544 609 564 641 et
575 605 686 652 incipiendo
696 604 721 641 ab
729 604 773 650 ipso
781 602 823 637 uni-

38 660 128 688 versorum
138 647 232 691 Domino,
247 658 291 683 eum
304 648 365 683 solum
379 648 481 685 dicendum
497 661 539 685 esse
550 650 623 695 Deum,
637 650 687 686 alios
701 660 746 685 vero
760 658 823 694 neque

4 738 5 741 Ἰ
39 693 133 736 dicendos,
145 703 208 738 neque
220 692 368 737 existimandus,
377 695 476 740 quoniam,
486 695 519 741 qui
527 706 582 731 secus
591 695 665 739 fecerit,
675 699 769 741 perpetuo
778 705 822 739 sup-

37 740 92 790 plicio
99 737 217 774 multabitur.
229 737 282 773 Ante
291 739 355 774 emnia
362 743 427 775 autem
434 750 479 775 vere
486 740 595 776 vecordiam
603 744 656 776 tuam
662 740 766 775 demiratus
774 750 822 783 sum,

2 823 4 825 ,
39 785 84 834 quod
96 783 201 830 speraveris
212 787 233 819 te
243 795 301 829 posse
312 783 333 819 in
343 787 397 820 tuam
409 784 525 821 sententiam
533 785 626 821 adducere
635 786 696 820 virum
708 785 822 831 sapientem,

4 838 6 842 ‘
39 830 115 868 adhaec
123 838 194 864 senem,
205 828 233 864 At
242 839 291 874 quae
298 829 328 864 vis
336 841 375 865 non
383 830 487 874 obtinebis,
496 842 526 865 me
533 831 655 876 potissimum
662 833 764 876 praesente
771 834 823 864 tuos-

39 887 71 924 que
78 874 206 921 redarguente
214 874 274 910 falsos
283 885 385 910 sermones.
400 875 459 911 Forte
468 876 519 911 enim
527 876 606 912 absente
615 887 645 911 1111
652 876 745 922 deceptus
753 873 824 909 fuisset

0 935 1 938 ¹
39 920 109 967 sapiens
121 929 189 963 senen,
201 931 244 954 curn
256 919 355 965 imperitus
368 921 394 956 sit
405 921 505 965 librorum,
518 921 586 966 quibus
595 921 645 969 apud
653 921 736 956 Iudaeos
744 919 823 966 publice

4 970 6 973 ’
38 967 82 1002 fides
91 963 159 1011 habita
171 967 206 1000 cst.
229 964 256 999 Et
266 976 317 1000 nunc
327 965 394 1000 multis
405 966 469 1002 verbis
484 966 620 1013 supersedebo,
635 970 657 1002 ut
672 966 730 1001 citius
743 964 823 1011 promis-

1 1046 3 1048 .
38 1012 107 1046 sionem
119 1011 173 1044 tuam
185 1010 288 1046 coufirtem.
313 1010 407 1052 Quocirca
418 1023 481 1047 coram
492 1011 549 1047 nobis
564 1010 681 1058 Scripturam
693 1010 760 1058 peritis
772 1009 824 1056 quod

2 1059 5 1091 ζ
37 1054 132 1103 pollicitus
148 1065 169 1089 es
183 1055 248 1101 incipe
265 1055 334 1091 dicere.
359 1055 395 1092 Sin
408 1060 473 1092 autem
488 1057 656 1103 reprehensionem
672 1056 745 1091 veritus
760 1066 824 1090 coram

3 1127 5 1129 ·
37 1100 89 1137 nobis
99 1099 129 1134 111
141 1100 255 1146 promissum
269 1101 366 1145 omittere,
381 1101 440 1138 etiam
454 1102 483 1137 sic
499 1101 598 1136 sufficiens
613 1101 649 1137 erit
662 1101 757 1147 probatio,
772 1099 824 1145 quod

38 1146 100 1189 fallas,
112 1144 266 1191 quandoquidem
278 1157 341 1181 eoram
351 1147 461 1182 hominibus
472 1146 580 1193 Scripturas
592 1146 708 1181 callentibus
720 1157 759 1180 non
767 1155 824 1179 ausus

2 1210 3 1213 ¹
39 1191 62 1226 sis
70 1191 127 1236 loqui.
151 1190 177 1224 Et
185 1202 230 1226 vero
238 1191 276 1227 iam
285 1202 318 1226 cur
326 1195 416 1238 exspecto
424 1196 446 1226 111
455 1192 518 1235 dicas,
531 1191 564 1237 qui
571 1192 674 1226 maximum
682 1189 745 1225 habeo
753 1192 825 1224 testem

0 1265 3 1282 3
37 1234 181 1283 pollicitationis
189 1240 234 1272 tuae
243 1237 352 1272 adstantem
361 1237 439 1272 senem?
451 1239 477 1272 Et
485 1237 586 1282 posthaec
594 1237 653 1279 verba
660 1239 735 1282 patrem
743 1234 826 1269 intuitus
844 1272 846 1275 Α

2 1316 4 1318 .
38 1281 72 1315 ait:
84 1280 122 1316 Dic
130 1280 185 1325 milri,
194 1281 276 1317 virorum
284 1282 368 1317 omnium
376 1282 551 1329 praestantissime:
560 1294 624 1318 nonne
632 1282 670 1316 iste
676 1280 733 1316 homo
738 1279 777 1315 tibi
784 1279 826 1324 pol·

38 1325 99 1361 licitus
111 1329 141 1361 est
152 1330 272 1362 ostensrnum
284 1339 304 1363 se
315 1327 382 1371 hodie,
393 1340 453 1363 unum
462 1327 526 1362 Deum
538 1339 590 1371 esse,
603 1338 639 1362 nec
651 1326 710 1362 alium
722 1325 825 1360 dicendum

0 1374 3 1412 ᾗ
38 1375 68 1406 aut
75 1370 184 1442 lpabendum
192 1371 262 1417 Deum,
270 1372 325 1408 illum
334 1376 404 1417 autem,
414 1373 447 1420 qui
455 1384 511 1409 secus
519 1371 594 1417 fecerit,
604 1372 699 1419 supplicio
705 1370 825 1406 multandum

38 1427 88 1451 csse.
650 1436 657 1448 .

0 1473 2 1516 ζ
88 1471 178 1508 CXXXI.
202 1474 311 1520 Respondit
327 1478 393 1521 pater:
413 1476 475 1511 Recte
491 1487 503 1511 a
518 1487 548 1510 me
564 1474 697 1510 testimonium
710 1473 826 1519 postulares,

0 1561 1 1564 Ἰ
38 1516 108 1569 Simon,
121 1518 138 1553 si
148 1523 206 1554 antea
216 1520 284 1555 Petrus
295 1524 393 1567 negasset.
415 1521 549 1557 Nuucautein
560 1519 826 1563 nonrerebordicere,quae

38 1562 117 1599 dicenda
128 1568 177 1599 sunt.
200 1563 289 1601 Arbitror
299 1569 319 1601 te
331 1567 360 1601 ira
371 1566 497 1602 constrictum
508 1577 531 1601 ac
545 1566 684 1601 inflammatum
696 1564 747 1600 11116
762 1563 826 1609 dispu-

37 1609 128 1644 tationem
134 1610 241 1656 suscipere,
250 1611 270 1646 id
277 1611 328 1656 quod
335 1623 398 1657 neque
407 1611 497 1647 convenit
505 1615 525 1646 te
533 1611 606 1655 facere,
615 1621 677 1656 neque
685 1621 720 1645 nos
727 1609 763 1645 tali
771 1619 825 1655 prae-

36 1653 79 1689 bere
90 1665 164 1699 aurem,
177 1656 266 1701 quoniam
278 1656 299 1691 id
309 1668 394 1704 pugnam
406 1657 471 1692 videre
484 1660 523 1700 est,
535 1659 554 1692 ct
565 1668 604 1692 non
615 1656 641 1691 ad
649 1656 750 1691 veritatem
758 1653 824 1688 iurari,

37 1697 99 1745 Atque
110 1712 170 1744 nunc,
184 1712 207 1736 ex
220 1700 295 1737 Graeca
307 1702 413 1737 eruditione
426 1702 500 1746 sciens,
513 1712 550 1747 quc
561 1701 617 1737 modo
629 1711 696 1748 gerere
708 1711 729 1734 se
741 1698 826 1747 debeant

38 1744 176 1792 disceptanteS,
191 1746 320 1782 commonebo.
343 1747 430 1793 Uterque
445 1750 530 1782 vestrum
545 1747 614 1794 dogma
630 1758 685 1781 snum
699 1748 788 1791 exponat,
798 1746 825 1778 ‘et

37 1789 114 1826 alternis
125 1791 184 1827 verba
194 1791 247 1827 fiant.
272 1791 327 1833 Quod
339 1793 355 1827 si
367 1793 419 1828 solus
430 1793 499 1828 Petrus
512 1792 596 1839 explicet
604 1804 658 1827 suam
670 1790 795 1833 sententiam,
803 1792 826 1823 tu

37 1846 79 1871 vero
91 1839 144 1871 tuam
151 1837 243 1881 reticeas,
255 1836 298 1872 fieri
305 1841 380 1884 potest,
391 1841 413 1872 nt
421 1838 491 1884 aliquis
500 1849 512 1873 a
519 1842 540 1873 to
548 1838 634 1884 prolatus
643 1848 704 1872 sermo
717 1839 737 1871 et
744 1839 798 1870 tuam
807 1837 826 1869 et

37 1879 87 1915 illius
96 1881 206 1926 opinionem
213 1886 293 1929 premat,
303 1886 360 1930 atque
368 1887 390 1918 nt
398 1887 478 1929 uterque
486 1887 577 1928 vestrum,
586 1883 633 1918 licet
640 1893 707 1918 revera
716 1881 742 1916 sit
748 1880 782 1916 illo
789 1890 826 1915 ser·

38 1937 91 1961 mone
99 1927 172 1970 victus,
181 1939 220 1963 non
228 1928 317 1963 videatur
324 1932 389 1964 tamen
398 1932 506 1975 superatus,
514 1929 573 1963 sedis
582 1928 641 1972 solus,
650 1928 683 1974 qui
692 1939 745 1962 suam
753 1925 827 1972 opinio—

37 1982 79 2006 nem
87 1972 185 2018 exposuit,
195 1973 228 2008 ille
236 1984 291 2017 vero,
301 1974 380 2019 quinon
388 1975 486 2021 exposuit,
496 1986 536 2009 non
543 1974 632 2010 videatur
639 1973 711 2019 pariter
720 1982 762 2007 esse
771 1982 826 2016 supe·

37 2020 98 2061 ratus,
106 2018 164 2053 immo
173 2030 274 2064 superasse
285 2020 409 2055 existimetur.
432 2019 458 2055 Et
470 2020 536 2055 Simon
545 2019 656 2065 respondit:
670 2017 750 2053 Faciam
762 2027 826 2063 quem-

38 2060 137 2114 admodum
149 2063 207 2100 dicis:
220 2076 285 2100 verum
295 2065 353 2101 valde
363 2066 433 2108 timeo,
445 2077 470 2101 ne
481 2065 519 2102 iam
531 2065 591 2112 ipsius
601 2063 664 2100 verbis
674 2065 778 2108 occupatus
787 2072 826 2096 uon

39 2117 63 2141 sis
71 2108 129 2143 iudex
137 2108 177 2144 veri
186 2109 289 2145 studiosus.

48 2213 51 2220 Ι
68 2214 72 2221 .
83 2168 183 2206 GXXXH.
207 2171 233 2206 Et
242 2176 298 2217 pater
305 2173 414 2219 respondit:
427 2173 457 2209 Ne
465 2184 496 2207 me
504 2183 563 2219 cogas
571 2164 643 2207 11111111
654 2179 676 2206 ac
685 2169 760 2205 indicta
768 2180 827 2205 causa

38 2213 73 2249 trbr
81 2216 177 2260 assentiri,
186 2222 208 2251 ut
216 2218 275 2252 iudex
282 2218 349 2254 videar
356 2218 444 2254 veritatis
453 2229 524 2253 amans.
548 2216 603 2257 Quod
612 2216 628 2251 si
636 2227 682 2252 vera
690 2214 756 2251 audire
765 2214 826 2260 cupis,

38 2262 70 2295 tua
77 2261 142 2306 potius
151 2262 407 2315 sententiapraeoccupatus
416 2275 462 2298 sum.
485 2261 515 2297 Ac
524 2260 598 2297 Simon:
612 2261 710 2303 Quomodo
720 2271 740 2296 cs
748 2271 826 2306 praeoc-

39 2309 124 2351 cupatus,
134 2308 166 2353 qui
174 2308 244 2352 nescis,
253 2308 300 2354 quid
308 2307 403 2343 sentiam?
418 2308 445 2343 At
451 2311 513 2354 pater:
529 2306 597 2342 Facile
606 2310 636 2343 est
644 2306 694 2342 illud
702 2317 826 2353 cognoscere,

39 2352 58 2384 11
66 2362 147 2397 quonam
154 2356 219 2400 pacto,
228 2353 278 2389 audi
302 2352 404 2389 Pollicitus
413 2365 440 2397 es,
449 2365 460 2389 a
469 2356 489 2388 te
497 2352 543 2388 falsi
551 2352 661 2388 convictum
668 2352 692 2387 iri
700 2352 784 2395 Petrum,
794 2351 827 2396 qui

39 2523 84 2568 Epit.
96 2545 119 2549 —
130 2523 147 2569 3)
157 2525 417 2573 dacrlryope‘rooVetPar.-
445 2528 503 2559 nostro
516 2526 567 2559 Hom.
583 2526 624 2559 dod.
638 2522 705 2572 ψεύδῃ,
718 2542 740 2547 -
755 2520 774 2566 4)
791 2532 827 2556 σου

39 2565 57 2611 4)
66 2570 114 2605 udor
122 2582 154 2604 om.
164 2572 183 2604 Ο.
446 2571 480 2605 des.
488 2571 507 2604 in
516 2572 536 2604 Ο.

481 2616 520 2660 Gap.
533 2616 612 2650 omi.
635 2613 653 2659 1)
666 2616 741 2649 reOct
751 2615 790 2646 Par.
804 2631 827 2636 -α

73 2661 112 2705 Cap.
136 2661 207 2695 CXXX.
239 2659 255 2706 1)
273 2661 382 2708 ἐλέγχοντος
398 2662 418 2695 0.
446 2659 465 2707 2)
479 2661 506 2695 Ita
519 2664 536 2695 11
546 2665 603 2695 noster
615 2662 655 2695 eod.
667 2661 724 2701 Hom,
738 2659 828 2693 τοιοῦτον

40 2703 89 2748 κ2)
108 2706 146 2741 coir
163 2707 188 2740 in*
198 2710 257 2740 nostra
275 2709 326 2742 Hom.
345 2708 417 2741 editione
447 2708 532 2740 eodPar.
547 2710 563 2740 ct
577 2708 602 2740 ed.
616 2708 666 2740 Hom.
682 2706 763 2749 Cotelerii
775 2706 827 2739 Hom.

40 2745 94 2826 gXVI,
103 2749 122 2797 2)
135 2754 231 2797 typothetae
243 2753 307 2787 iniuria
321 2753 387 2787 excidit.
395 2772 419 2777 —
447 2753 495 2795 XVI,
503 2751 519 2786 3.
528 2771 552 2776 —
562 2750 581 2797 3)
589 2754 663 2796 Πέτρος
670 2749 730 2799 μόνος
738 2753 773 2785 ord.
781 2763 827 2785 voce.

50 2791 57 2845 )
71 2799 97 2830 Ita
113 2799 144 2832 OV
160 2799 199 2832 Par.
215 2799 296 2833 (11Ηο111.
311 2799 335 2833 ed.
352 2800 418 2832 Gotele·
447 2799 494 2832 1110.

40 2850 91 2875 nana.
111 2844 169 2877 Scribe
184 2847 213 2877 aut
232 2842 320 2885 Ψεύδεις,
336 2848 365 2878 aut
381 2856 418 2877 cum
