1827 3065
206 113 703 152 116111111161611.6111111161111116.
806 101 848 145 271

59 220 70 253 t.
80 226 95 251 e.
104 225 122 260 p.
129 212 169 248 424.
189 211 300 260 Aliquando
308 212 356 248 mihi
363 212 383 248 in
392 217 475 250 mentem
483 213 724 267 1611111166116661111111
735 217 849 262 νομισθήσῃ

59 259 163 298 excidisse:
171 263 253 305 μιχθείς,
277 256 305 293 At
312 271 351 294 161
359 260 482 307 repugnabo,
495 262 511 296 si
520 272 563 307 quis
571 272 592 295 11
600 271 632 306 66,
642 258 695 307 quod
702 258 722 293 11
731 258 785 294 libris
794 269 850 293 mser.

58 309 96 349 est,
111 303 235 351 acquieverit.
260 302 350 339 Ceterum
362 306 457 341 atinotatu
470 306 523 342 haud
537 305 647 353 indignum,
661 304 682 340 in
693 303 779 351 Recogn.
791 303 816 346 X,
828 304 851 340 22

58 351 151 397 scriptum
162 348 253 384 inueniri:
267 349 352 394 „Ledam
366 350 441 386 Thestii
452 356 537 387 mutatus
547 354 567 388 in
580 363 673 399 cygnum,
687 361 711 386 ex
719 361 758 397 qua
765 350 852 385 nascitur

57 398 143 440 Helena3
153 394 249 431 etiterum
260 395 340 430 eandem
348 399 433 431 mutatus
441 396 461 431 in
470 398 550 443 stellam,
560 410 583 434 ex
592 409 630 444 qua
638 401 746 433 nascuntur
755 394 824 431 Castor
833 399 852 430 et

57 441 137 479 Pollux“
146 445 165 476 et
172 440 239 487 paucis
245 440 309 476 verbis
315 440 432 486 interiectis:
442 441 544 487 ¹,Nemesin
551 447 636 480 mutatus
642 443 664 479 in
671 443 778 487 anserem“3
786 452 851 488 quam-

58 499 114 536 quam
126 489 192 522 notum
201 488 240 530 est,
250 496 338 521 anserem
348 485 368 520 in
376 486 444 522 fabula
456 489 479 523 de
488 487 543 524 Leda
554 489 642 525 habitum
654 500 698 525 esse
710 487 781 524 Jovem
791 492 852 522 tama

58 531 184 579 scriptoribus
193 543 250 578 quam
257 531 281 566 ab
289 529 401 576 artificibus,
409 531 443 567 cfr.
451 531 851 581 0961111151111161.61·6116661,1).3,6111116

58 578 115 615 etiam
128 577 206 613 aliunde
219 579 303 622 constat,
320 576 395 612 Ledam
412 578 493 613 eandem
506 579 598 616 Nemesin
611 581 672 616 visam
687 590 730 615 esse
746 578 851 622 veteribus,

58 624 92 659 cfr.
106 621 219 668 Spanhemii
230 622 296 657 adnot.
309 622 333 656 ad
346 621 458 658 Callimach.
470 624 540 669 Hymn.
555 626 573 660 in
586 625 735 661 1111196232.
748 628 768 660 61
777 622 851 670 Heynii

59 669 124 704 adnot.
134 668 159 702 ad
166 665 280 713 Apollodor.
288 666 339 702 Bibl.
348 667 384 711 ΙΙ1,
392 668 420 710 13,
429 669 445 704 7.
456 689 480 694 -
491 670 514 706 V.
525 670 538 705 3
548 674 593 716 post
605 672 674 707 verba:
689 671 851 718 Λ1ιαίηέπ1μορ-

60 713 116 762 qalaq
126 714 188 759 ἔποψ,
202 713 329 764 exspectabas
343 713 404 758 prolis
416 714 538 751 mentionem.
558 715 600 751 Nec
611 720 675 752 tamen
687 703 745 752 facile
754 714 814 759 dictu,
825 716 849 750 dc

61 771 99 807 qua
106 760 162 804 prote
171 769 233 793 sermo
243 758 306 794 fuer-rt.
330 758 417 793 Lamiam
430 771 442 794 a
452 758 465 795 J
467 770 501 796 ove
509 760 596 796 vitiatam
607 763 711 797 memoriae
723 761 852 807 prodiderunt

60 803 167 842 Pausanias
177 802 286 838 (11196661,
298 803 323 844 X,
333 804 360 848 12,
370 805 385 846 1,
397 804 513 840 Plutarchus
526 806 549 841 de
560 806 617 853 Pyth.
630 806 686 842 Orac.
698 807 715 849 9,
726 806 851 842 Ptolemaeus

61 849 167 896 Hephaest.
175 848 225 885 Nor.
233 848 284 884 Hist.
292 849 304 883 1.
313 848 346 893 Vi,
355 860 373 895 p.
383 850 421 895 1911,
430 850 452 884 21
461 863 507 897 sqq..
512 852 541 887 ed.
550 851 697 897 Westermann,
706 851 818 887 Heraclitus
827 851 852 887 dc

61 895 156 932 Incredib.
168 893 262 935 XXXIV,
277 905 295 939 p.
307 894 341 929 319
353 906 394 941 sqq.
410 896 439 930 ed.
455 895 557 932 Westerm.
573 897 681 933 Pausanias
697 902 716 932 et
734 896 851 932 Plutarchus

60 940 148 976 Lamiam
161 939 248 986 Neptuni
258 938 318 974 filiam
329 943 349 975 et
359 939 485 986 Herophiles,
498 940 584 988 Sibyllae
595 941 713 988 Delphicae,
724 946 805 977 matrem
813 946 852 977 tra-

61 988 114 1022 dunt.
126 985 250 1021 Ptolemaeus
259 984 323 1031 Heph.
332 996 355 1021 ex
364 985 413 1021 Jove
422 990 442 1021 et
449 986 517 1022 Lamia
525 991 641 1034 prognatum
654 999 696 1023 esse
705 987 774 1022 scribit
784 986 851 1022 Achil-

59 1034 103 1075 lem,
113 1032 208 1066 diversum
218 1029 296 1076 quidem
308 1042 320 1065 a
331 1030 457 1067 celeberrimo
464 1032 507 1078 illo,
524 1044 581 1080 quem
591 1033 646 1068 Pelei
658 1037 678 1068 et
688 1032 779 1068 Thetidis
790 1030 851 1067 filium

60 1076 198 1125 perhibebant,
212 1080 309 1111 attamen
323 1076 344 1114 τὸ
357 1076 423 1118 κάλλος
436 1077 540 1126 ἀμήχανον,
556 1076 579 1114 ὃν
589 1082 620 1114 καὶ
627 1080 714 1123 ἐρίσαντα
723 1081 767 1126 περὶ
775 1077 853 1118 κάλλους

60 1124 136 1168 νικῆσαι
144 1123 179 1159 τοῦ
185 1121 250 1162 Πανὸς
257 1125 360 1170 κρίναντος.
372 1122 403 1158 Α1
410 1122 468 1158 talem
475 1123 570 1159 1161111611
581 1123 650 1159 aJore
658 1124 679 1158 in
685 1135 772 1169 upupam
778 1126 852 1158 mutato

61 1170 147 1216 genitum
161 1179 204 1204 esse
220 1168 326 1203 credebant
337 1167 425 1204 veteres?
445 1167 536 1205 Ceterum
547 1169 606 1204 etiam
616 1168 637 1203 in
651 1179 674 1204 66
689 1168 786 1212 offendas,
801 1169 853 1214 quod

60 1214 114 1250 nulla
123 1217 157 1250 aut
167 1213 232 1249 mariti
240 1217 274 1248 aut
284 1213 343 1258 patris
351 1212 433 1249 Lamiae
446 1213 499 1249 iacta
508 1218 538 1249 661
548 1213 626 1249 1161116.
646 1214 724 1260 Ergone
736 1214 785 1249 haec
793 1215 854 1249 verba

60 1260 122 1296 serius
132 1261 156 1295 ab
166 1259 205 1295 alia
213 1270 271 1294 mauu
279 1258 346 1295 addita
356 1260 453 1294 censenda
462 1259 521 1295 sunt?
532 1259 560 1295 Ut
567 1260 596 1295 ita
604 1258 629 1294 sit
635 1260 719 1305 -paiyi
728 1259 778 1295 enim
787 1259 853 1305 refert,

60 1306 183 1351 quodetiam
197 1305 218 1340 in
232 1304 335 1351 Recognit.
354 1305 379 1349 X,
394 1304 586 1351 221111166111111111
601 1305 673 1352 legitur
686 1304 734 1340 nisi:
752 1304 852 1349 „Lamiam

60 1354 145 1387 mutatus
153 1351 173 1385 in
181 1351 298 1396 upupam“*)
307 1371 339 1394 -,
352 1352 372 1385 at
380 1354 445 1386 manet
454 1351 552 1397 quaestio,
565 1362 623 1398 quam
633 1354 709 1387 1616166
718 1352 793 1396 prolem
800 1351 853 1387 Iovis

60 1398 80 1433 in
92 1408 176 1443 upupam
191 1396 260 1431 mutati
272 1400 291 1431 et
302 1395 383 1431 Lamiae
395 1398 508 1442 6161161111
522 1407 566 1431 nam
578 1408 642 1443 neque
656 1396 763 1442 Herophile
778 1394 854 1443 Sibylla

61 1443 108 1478 satis
118 1446 164 1488 apta
172 1442 197 1477 ad
205 1441 264 1477 talem
272 1444 347 1486 patrem
353 1441 435 1477 ridetur.
443 1463 467 1467 —
474 1442 497 1478 V.
505 1442 517 1478 4
526 1454 584 1488 quum
591 1443 678 1478 offendat
686 1441 747 1484 αὐτὸς,
758 1442 854 1488 conjicere

61 1489 132 1535 aliquis
140 1488 203 1534 possit
211 1487 343 1532 reponendum
353 1498 404 1522 esse:
420 1486 500 1529 ὁσύτὸς.
525 1488 563 1525 Sed
577 1488 654 1523 facilius
670 1487 794 1531 crediderim,
809 1491 854 1533 post

61 1531 195 1583 Μνημοσύνην
200 1533 363 1579 excidissegpauca
369 1533 434 1575 verba,
439 1532 570 1580 significantia
576 1534 717 1580 Mnemosynen
724 1532 785 1568 fuisse
791 1532 854 1578 ipsam

61 1579 116 1615 Joris
125 1578 209 1614 amitam.
231 1578 269 1614 cfr.
277 1579 337 1614 verba
347 1578 412 1624 paullo
422 1578 473 1615 inira
481 1591 497 1614 r.
507 1580 551 1615 dde
558 1578 677 1625 Proserpina
684 1579 754 1624 posita.
764 1599 786 1604 -
800 1578 854 1614 Diffi-

64 1625 109 1661 cilia
120 1625 146 1660 ad
155 1624 296 1660 emendandum
304 1627 350 1658 sunt
357 1625 417 1660 rerba
424 1623 448 1660 V.
461 1626 472 1660 5
482 1625 555 1671 posita:
574 1628 660 1674 Σεμέλην
669 1624 703 1670 τὴν
711 1623 793 1673 Κάδμου
805 1638 854 1671 πυ(-

64 1676 135 1707 σσίνων
143 1674 208 1717 γαμεῖς
217 1681 262 1704 nam
269 1669 385 1704 vocabulum
394 1674 505 1716 πυρσαίνων
510 1670 613 1716 genuinum
620 1681 660 1706 non
668 1680 716 1715 esse,
724 1668 756 1703 rix
764 1673 794 1705 est
803 1669 855 1716 quod

62 1726 179 1751 moneamus.
194 1713 454 1750 1961161111111119166166116.
475 1714 557 1751 Codices
567 1715 675 1761 porrigunt,
684 1714 709 1749 G:
722 1718 817 1762 πνρσέων,
828 1714 853 1750 O:

62 1764 169 1810 πυρσένων.
180 1759 333 1805 Recognitiones
341 1759 437 1804 praebent
447 1760 472 1805 X,
481 1761 512 1795 22:
523 1761 625 1806 „Semelen
634 1759 733 1795 Cadmiarn
741 1764 826 1795 mutatus
834 1759 855 1795 in

62 1807 144 1852 ignem“.
157 1805 227 1840 Fuisse
235 1805 268 1850 qui
274 1804 343 1840 dorem
350 1803 436 1840 Semeles
443 1817 508 1841 amore
518 1810 595 1852 captum
602 1805 624 1841 in
631 1805 673 1851 igni
682 1805 782 1841 delituisse
789 1816 854 1841 cense-

62 1849 634 1898 1611,61111111116111161111611111.171,11.42166111“1661611661.
642 1852 711 1897 Ignem·
718 1851 854 1897 autemprocul

64 1897 123 1932 dubio
140 1895 278 1931 intellexerunt
294 1894 372 1930 fulmen.
392 1895 416 1931 11
432 1896 505 1932 fulmen
521 1908 615 1931 summum
627 1897 683 1931 deum
697 1898 791 1931 mutatum
806 1906 855 1940 esse,

63 1942 123 1978 refert
134 1939 255 1987 Apollinaris
268 1939 358 1976 Sidonius
371 1939 433 1977 Car-m.
441 1940 485 1984 XV,
498 1943 532 1978 173
541 1954 588 1989 sqq,
600 1952 658 1989 quem
665 1942 729 1977 166111
737 1952 775 1977 161
784 1941 804 1976 11
813 1952 856 1977 cen·

64 1999 106 2023 sum
115 1990 206 2022 uocatum
214 1985 237 2022 ab
245 1985 331 2032 Ungero,
340 1986 373 2031 qni
380 1985 393 2020 l.
403 1998 418 2022 c.
426 1999 444 2033 p.
453 1987 488 2022 422
497 1998 539 2034 sqq,
548 1987 659 2023 doctissime
667 1987 760 2022 tractavit
768 1997 796 2028 ea,
806 1998 856 2034 quae

65 2034 89 2069 de
95 2032 150 2069 Jovts
158 2031 207 2067 falso
213 2031 282 2066 habitu
290 2032 383 2067 occultati
388 2032 461 2078 nuptiis
469 2033 592 2068 variaverunt
600 2033 710 2076 scriptores,
719 2032 752 2066 1116
758 2031 857 2077 integrum

64 2088 168 2124 apponam:
180 2076 206 2122 „J
207 2088 276 2123 amque
285 2076 298 2112 J
299 2087 353 2112 616111
362 2077 382 2112 in
391 2076 464 2113 formas
472 2081 543 2123 mutat,
552 2078 621 2125 quibus
632 2077 664 2112 ilie
673 2080 739 2112 tenere
747 2077 857 2122 Mnemosy-

63 2134 116 2168 nem,
139 2123 244 2168 Europam,
262 2121 361 2167 Semelen,
375 2122 458 2167 Ledam,
473 2122 593 2170 Cynosuram
606 2121 698 2167 Serpens,
715 2122 761 2165 bos,
776 2121 856 2166 fulmen,

66 2180 147 2216 cygnus,
155 2167 256 2215 Dictynna
265 2167 359 2205 solebat.“
383 2167 478 2204 Codicum
492 2173 512 2204 et
523 2167 687 2214 Recognitionum
702 2168 808 2212 scripturas
823 2167 857 2214 qui

64 2217 125 2261 probe
137 2214 272 2260 pensitaverit,
287 2213 304 2248 is
318 2217 353 2249 aut
368 2216 413 2260 πῦρ
427 2213 554 2261 γενόμενος
566 2216 604 2248 aut·
614 2212 705 2262 πυρσὸς
719 2211 749 2249 ὢν
763 2212 856 2259 scriptum

65 2261 127 2297 tuisse
136 2261 233 2306 conjiciet.
248 2259 345 2305 Equidem
352 2271 391 2294 non
403 2260 471 2296 dubito
479 2259 578 2305 praeferre
586 2259 614 2303 id,
623 2259 675 2305 quod
683 2258 792 2304 posteriore
800 2258 857 2304 posui

65 2306 118 2351 loco,
131 2317 189 2352 quum
202 2304 315 2351 praesertim
327 2316 441 2350 persuasum
456 2305 547 2347 habeam,
561 2305 600 2350 ipsi
612 2306 662 2341 adeo
675 2303 754 2350 Rufino,
770 2305 856 2351 quamvis

65 2351 202 2398 interpretanti
215 2351 247 2397 „in
260 2351 344 2396 ignemt,
357 2351 472 2387 vocabulum
486 2349 561 2397 πυρσὸς
573 2362 620 2397 prae
634 2350 696 2386 661116
709 2361 751 2386 6666
764 2350 857 2393 1161111666.

66 2396 163 2446 Πρησνήρ,
176 2396 185 2433 ὁ
197 2401 228 2434 καὶ
238 2395 326 2442 πυρσὸς
333 2394 453 2442 καλούμενος,
463 2396 569 2432 secundum
578 2396 639 2432 schol.
647 2397 672 2432 ad
680 2394 751 2431 Aesch.
759 2394 857 2432 Prometh.

65 2444 123 2481 rinct.
130 2444 164 2481 Vs.
174 2444 207 2479 359
217 2446 247 2478 est
255 2443 305 2483 ridor
313 2444 409 2490 κεραυνοῦ.
420 2441 461 2476 Alii
469 2441 504 2477 viri
512 2442 596 2487 speciem
605 2442 691 2477 induisse
698 2441 766 2477 ι161611
772 2440 857 2476 fabulati

67 2494 120 2535 sunt,
130 2490 164 2526 cir.
174 2487 261 2525 scholia
271 2487 352 2533 Gregor.
359 2487 406 2524 Naz.
413 2487 457 2533 pao
467 2488 538 2534 611145
548 2487 610 2525 Gaisf.
622 2487 703 2524 Nonnns
711 2485 793 2532 denique
800 2487 857 2522 deum

68 2535 153 2572 Semeles
163 2539 268 2571 amat-orem
277 2535 335 2570 modo
347 2532 398 2568 tauri
406 2533 463 2570 modo
475 2534 580 2580 serpentis,
596 2538 635 2569 tum
647 2533 703 2579 pardi
713 2532 745 2567 vel
752 2531 815 2568 leonis
824 2536 858 2568 aut

115 2676 131 2717 *)
144 2678 196 2708 immo
208 2677 227 2707 in
237 2674 392 2714 Recognitiouibus
405 2675 457 2706 etiam
466 2673 524 2715 magis
536 2674 608 2705 offendit
619 2673 720 2704 transmissa
730 2673 785 2712 prolis
794 2674 859 2714 signiti-

69 2723 113 2754 catio
126 2726 161 2754 tam
170 2723 203 2753 hoc
212 2722 252 2752 1666
266 2730 316 2760 qnam
324 2730 350 2760 eo,
362 2729 395 2760 quo
407 2729 463 2752 sermo
475 2724 501 2752 est
513 2721 534 2751 de
546 2720 624 2758 Nemesi,
637 2719 681 2758 quod
693 2719 768 2758 scriptor
781 2719 799 2750 in
809 2720 860 2750 initio

68 2767 146 2806 ejusdem
155 2769 217 2807 capitis
229 2768 311 2807 declarat,
319 2766 413 2805 adulteria,
422 2776 443 2797 611
452 2766 513 2806 quibus
522 2765 601 2805 Juppiter
609 2764 709 2804 progeniem
717 2774 751 2795 non
759 2766 860 2806 susceperit,

19 2812 21 2814 ’
68 2822 168 2845 enumerare
177 2815 219 2844 satis
228 2814 298 2852 longum
308 2821 350 2851 esse.
