1827 3065
204 102 235 134 00
244 101 377 135 conomius
386 100 441 135 000.
451 98 702 140 0010000000000.
806 90 849 134 263

63 209 142 255 γόμγαας,
152 212 209 247 quarn
217 204 298 247 utraque
305 200 356 247 Epit.
365 200 446 247 praebet
454 213 498 248 pro:
507 200 671 250 συνωμολόγησας.
677 220 701 225 —
708 199 732 236 V.
741 199 773 235 14:
780 201 848 237 rerba:

64 258 90 295 gni
98 251 145 286 πᾶσι
154 251 194 287 τοῖς
202 251 265 286 κακοῖς
277 246 378 292 ὑπέβαλεν,
394 246 503 293 significare
515 259 555 284 non
568 249 660 293 possunt:
676 245 778 290 „omnibus
793 247 848 283 malis

63 291 181 341 0010000010.ιι
206 290 314 327 Genuiuam
323 292 437 337 scripturam
449 292 531 339 porrigit
539 293 580 329 cod.
590 291 667 337 OEpit.
676 290 756 326 alterius
765 290 848 328 hancce:

63 342 113 385 ηιαὸν
121 340 154 375 ἐπὶ.
162 340 210 373 πᾶσι
218 342 258 377 τοῖς
266 342 329 377 κακοῖς
338 336 434 383 ὑπέλαβεν,
444 349 501 384 quam
510 337 568 374 etiam
577 336 688 374 Dresselius
699 336 719 371 in
731 337 788 372 huius
796 337 848 385 Epit.

64 390 80 427 Ο,
88 382 194 422 XXXVIII
206 382 286 428 recepit.
310 380 359 416 Sunt
372 387 435 418 autem
449 385 497 419 haee
511 384 569 420 verba
583 384 610 419 ita
624 382 747 430 explicanda:
764 385 848 428 „malum

61 437 111 484 juxta
118 439 184 464 omnes
194 428 255 463 malos
265 427 361 472 habuerit,
371 427 526 463 001001000000111ι

102 475 122 510 P.
131 474 171 519 101,
180 474 191 509 5
200 485 228 521 sq.
238 483 296 518 quum
306 472 361 507 0000.
369 471 420 517 Epit.
429 473 462 508 Dr.
471 484 505 519 pro
513 473 541 523 μὴ
551 477 613 511 θέλων
620 473 651 509 vel
659 477 723 511 θέλειν
731 474 848 520 praebeant:

63 523 105 575 γιηιλὲ
112 523 181 562 θέλειν,
190 519 218 554 iia
225 517 302 553 videtur
310 517 442 553 scribendum:
451 521 481 555 ῗνιι
488 518 515 566 μὴ
524 518 572 559 δόξω
580 518 609 568 μὴ
618 519 723 566 ἀντιλέγειν
729 533 765 556 σου
774 522 797 569 τῇ
802 520 848 557 ἆτα-

64 575 88 612 flu
96 566 144 616 μηδὲ
154 566 220 601 θέλειν
229 567 293 609 ζητεῖν.
305 562 391 599 Verbum
400 567 464 600 θέλειν
471 564 529 599 etiam
536 574 578 598 eum
587 565 690 612 ἀντιλέγειν
697 566 848 601 construendum

64 604 93 653 esi.
113 610 157 645 Nou
166 609 274 654 adstipulor
281 607 313 654 iis,
327 619 377 655 quae
385 611 462 644 tentata
473 609 545 645 suntin
553 609 616 645 adnot.
624 610 635 644 6
644 612 669 645 ad
677 609 739 656 Epist.
747 610 817 657 prioris
827 609 848 647 O.

64 654 150 697 XXXIX.
159 676 183 682 —-
191 654 215 690 V.
223 654 246 690 18
251 666 287 700 pro
297 654 347 702 ἔλεγε
356 654 486 691 scribendum:
497 653 537 702 ἐγὼ
546 658 612 701 λέγω,
622 658 665 690 aut:
674 658 736 703 λέγω.

102 703 123 738 Ρ.
133 700 187 746 103,7
195 710 256 746 aeque
265 702 324 746 utque
333 711 351 745 p.
360 699 400 744 184,
408 699 424 745 7,
433 698 450 741 8,
459 701 482 735 10
490 699 597 736 secundum
606 700 692 736 codicem
702 700 718 737 0
727 706 850 747 proMob'orl

64 747 181 789 scribendum
188 749 237 782 erat:
248 746 330 794 Μιοϋσηῐ,
340 755 390 792 quae
398 744 461 781 forma
469 757 487 792 p.
492 746 531 790 330,
541 747 550 780 1
558 748 577 781 et
584 757 603 791 p.
609 745 649 789 350,
658 745 681 780 14
688 745 708 781 iu
716 752 799 794 utroque
807 747 846 783 Ho-

64 795 152 834 miliarum
161 792 229 828 codice
238 791 338 837 reperitur.
344 811 368 817 -«
377 789 469 827 Similiter
476 803 494 838 p.
501 791 540 836 104,
550 792 571 827 17
580 789 692 837 recipienda
701 795 742 827 erat
749 792 822 829 codicis
832 791 847 829 Ο

64 840 153 886 scriptura
160 838 253 882 Μωύσῆν,
263 848 320 884 quam
328 835 408 885 reliquis
417 836 466 873 loeis
473 837 562 873 omnibus
571 840 654 884 uterque
660 837 722 873 codex
729 837 818 883 porrigit.
826 860 849 884 -7

63 887 82 923 14
89 897 116 932 00.
124 883 191 919 mirum
201 887 239 928 est,
252 882 373 918 nullnmdum
386 881 489 919 offendisse
501 883 521 919 in
533 882 607 919 verbis:
619 886 649 919 καὶ
656 888 769 930 γοσθέντας
781 886 814 921 ἐπὶ
822 887 849 932 τῷ

65 931 112 979 πίφῳ
120 929 190 977 βουνὸν
199 930 307 976 ἐπιθυμιῶν
321 930 504 977 προσαγορευθῆναι.
524 926 652 964 Scribendum
666 929 749 965 videtur:
761 933 792 967 καὶ
801 944 849 977 γω-

63 979 162 1016 αθέντων
174 975 239 1011 ἔπειτα
251 973 291 1011 τὸν
304 973 330 1010 τά
354 987 380 1010 ον
392 978 437 1009 cett.
450 978 572 1011 Χωσθέντων
583 973 658 1020 (αὐτῶν)
666 974 772 1021 significat:
781 980 846 1021 „post-

63 1034 114 1070 quam
128 1019 199 1066 sepulti
213 1021 284 1055 erant‘l.
297 1040 319 1045 »-
331 988 355 1057 V
363 1020 386 1055 18
395 1031 424 1066 00,
432 1020 543 1066 recipienda
555 1023 597 1056 erat
606 1021 648 1055 000.
658 1020 674 1054 Ο
687 1021 794 1067 scriptura:
808 1024 849 1063 παῖς

63 1070 80 1105 di
89 1065 155 1107 σκότος
167 1069 197 1102 καὶ
207 1064 281 1113 γνόφος
292 1069 323 1101 καὶ
334 1063 403 1102 θύελλα
412 1071 495 1102 συνεῖναι
507 1064 593 1102 zallam.
612 1064 674 1102 Verbi
683 1066 788 1113 singularis
796 1066 848 1102 idem

62 1125 104 1149 usus
114 1116 143 1147 est
150 1123 168 1157 p.
177 1111 216 1156 ald,
226 1112 253 1154 12,
262 1110 329 1145 similis
340 1122 359 1156 p.
369 1111 407 1156 108,
417 1111 439 1146 13
451 1116 471 1146 et
478 1111 527 1147 locis
535 1110 555 1146 iu
564 1112 608 1147 adn.
617 1111 669 1157 adp.
679 1111 750 1156 108,13
759 1111 849 1147 citandis.

102 1157 124 1192 P.
133 1157 172 1202 106,
181 1157 203 1192 17
212 1156 343 1192 scribendum:
353 1157 383 1202 τῷ
391 1157 413 1192 δὲ
420 1160 450 1192 καὶ
458 1160 524 1193 εἰπεῖν,

103 1203 124 1237 P.
133 1203 173 1246 107,
182 1202 192 1237 9
201 1200 287 1237 codex0
300 1201 391 1248 praebet:
402 1201 425 1238 τὰ
436 1201 472 1249 ἐμὰ
483 1201 567 1250 πρόβατα
580 1199 670 1237 ἀκούουσι
682 1202 715 1246 τῆς
726 1203 772 1251 ἐμῆς
780 1205 849 1250 φωνῆς.

62 1249 142 1287 Verbum
153 1247 228 1294 plurale
239 1259 279 1282 non
291 1248 354 1282 solum
364 1258 403 1283 non
414 1248 497 1293 reecpit,
509 1258 575 1284 verum
587 1247 644 1281 etiam
657 1247 744 1293 ineptum
754 1247 851 1293 judicarit

61 1293 173 1330 Dresseliu's.
191 1292 267 1338 Injuria
278 1292 360 1338 quidem.
380 1291 438 1338 Apud
446 1292 540 1328 Ioannem
548 1290 573 1333 X.
582 1292 604 1326 27
614 1303 660 1327 sane
669 1292 761 1338 seriptum
769 1292 850 1340 legitur:

63 1340 85 1376 rit
91 1337 175 1385 πρόβατα
183 1337 205 1374 τὰ
213 1338 249 1385 ἐμὰ
257 1340 289 1382 τῆς
297 1340 362 1384 φωνῆς
370 1352 408 1386 μου
417 1336 484 1380 ἀκούει,
494 1343 514 1373 at
522 1337 618 1384 pergitur:
626 1341 657 1374 καλ
665 1337 803 1375 ancleto-oona
809 1354 848 1388 μοι,

63 1390 80 1421 et
89 1385 154 1431 paullo
167 1388 217 1428 ante,
229 1396 246 1418 v.
255 1384 282 1425 15,
291 1383 340 1418 haee
348 1383 453 1419 habentur:
464 1382 540 1420 κάκεῖνα
551 1383 581 1425 (τὰ
592 1383 684 1463 πρόμμτα)
696 1384 727 1420 θεῖ
735 1397 760 1432 με
767 1384 849 1432 ἀγαγεῖν,

62 1434 89 1467 καὶ
98 1433 129 1474 τῆς
137 1430 201 1476 φωνῆς
225 1443 247 1465 ου
255 1427 375 1465 ἀκούσουσιν.
388 1427 430 1464 Nec
438 1440 484 1464 vero
491 1428 530 1463 sibi
538 1428 626 1464 constitit
649 1428 746 1474 resselius,
753 1429 791 1464 nisi
798 1430 850 1476 quod

63 1475 115 1512 eliam
123 1487 141 1521 p.
148 1475 186 1514 171,
193 1476 201 1508 l
213 1497 214 1501 =
222 1494 246 1500 -
254 1479 274 1509 et
281 1473 402 1520 probabilius
410 1473 488 1519 quidem
496 1494 520 1500 »-
529 1474 602 1509 0001010
612 1472 627 1509 Ο
638 1473 753 1521 scripturam
759 1473 849 1512 δύνανται

62 1521 173 1567 posthabuit
181 1519 261 1556 lectioni
270 1520 356 1560 δύναται,
369 1530 419 1566 quae
428 1523 458 1555 est
468 1519 488 1555 in
497 1520 539 1555 000.
549 1517 570 1564 0,
579 1523 599 1554 et
606 1532 624 1565 p.
633 1518 672 1565 172,
681 1520 692 1554 1
700 1530 740 1556 non
751 1522 849 1565 συνῆπτον

63 1577 83 1602 ex
92 1563 190 1609 0001000,
204 1565 239 1599 sed
252 1567 337 1609 συνῆπτε
344 1575 368 1599 ex
381 1565 423 1601 eod.
436 1564 451 1600 0
463 1563 566 1601 verborum
577 1563 598 1599 in
610 1565 760 1611 perpetuitatem
772 1565 849 1612 recepit.

62 1610 80 1646 P.
88 1611 117 1654 40,
127 1611 195 1657 13000.
205 1609 278 1645 editum
287 1608 377 1655 legimus:
385 1614 443 1659 μυρία
451 1610 497 1646 κακὰ
504 1630 528 1636 -
536 1610 659 1647 ἔπεθόλωσαν
667 1631 690 1636 -
698 1614 729 1646 καὶ
737 1610 771 1647 οὐκ
780 1614 850 1655 εἴασαν,

63 1656 146 1703 quamvis
161 1656 203 1690 000.
217 1653 238 1690 Ο,
251 1654 353 1700 praebeat:
369 1658 437 1696 εἴασεν,
450 1667 468 1701 p.
477 1655 505 1700 56,
514 1655 536 1690 11
545 1667 576 1701 sq:
588 1654 643 1692 ἅτινα
654 1675 678 1680 -
692 1655 850 1704 ἐκμοιιαθήιιασιν,

62 1700 204 1746 p.130,18sq.:
218 1702 260 1739 πῶς
271 1699 306 1746 γὰρ
319 1698 353 1746 οὐχ
367 1699 489 1748 ἁμαρτήματά
503 1703 539 1736 εἰσι
552 1699 576 1736 aa
583 1699 672 1745 θορύβων
679 1721 701 1726 -—
710 1704 769 1744 αἴτια,
782 1713 801 1747 p.
810 1700 850 1745 240,

63 1746 141 1793 10sqq.:
150 1745 173 1782 τὰ
181 1744 277 1792 ἀκάθαρτα
285 1743 388 1792 πνεύματα,
398 1745 452 1782 ύτινα
458 1765 480 1771 -
487 1746 583 1789 ποιοῦσιν,
591 1750 623 1782 ναὶ
631 1765 651 1770 -
662 1746 813 1791 περιβάλλουσιν,
820 1749 851 1782 καὶ

62 1812 82 1817 -
90 1793 212 1838 ιιαωροῦσιν,
220 1802 238 1836 p.
246 1790 286 1834 400,
295 1790 317 1824 10
325 1801 362 1836 sq.:
371 1790 393 1826 τὰ
402 1794 501 1839 σπέρματα
509 1789 650 1839 ἀποκρίνονται.
660 1789 763 1826 01000000
767 1791 850 1836 paruo.

104 1824 126 1873 1),
138 1836 178 1881 108,
186 1836 212 1879 213
224 1835 324 1881 utriusque
337 1835 410 1872 codicis
426 1836 521 1882 scriptura
535 1835 631 1873 ἀπέθανεν
646 1835 691 1872 ferri
706 1839 773 1882 potest
788 1847 851 1883 aeque

13 1909 14 1913 ι
62 1881 110 1919 bene
118 1886 176 1929 atque
184 1895 202 1929 p.
210 1881 249 1921 14⁶2,
258 1880 269 1914 5
277 1880 376 1927 utriusque
385 1880 430 1916 libri
438 1883 493 1917 mser.
502 1881 571 1917 lectio:
584 1884 664 1929 ἐγένετο,
674 1885 693 1917 et
700 1893 721 1927 p.
728 1881 769 1928 143,
777 1882 789 1917 8
797 1880 851 1917 codi-

63 1926 88 1962 cis
99 1927 114 1964 O
124 1928 229 1974 scriptura:
237 1928 299 1973 ἐξέφυ,

105 1974 128 2010 P.
137 1974 177 2018 110,
191 1974 201 2008 1
214 1984 250 2007 scr.
262 1972 314 2026 ὁμῶς
321 1983 366 2018 pro:
380 1971 436 2020 ὅμως.
446 1993 470 1998 -
481 1971 505 2009 V.
517 1971 528 2006 2
541 1984 581 2009 nou
594 1976 635 2008 erat
643 1971 752 2008 audiendus
761 1970 851 2019 Schweg-

63 2017 118 2056 lenus.
140 2018 234 2055 Codicum
245 2029 295 2054 emm
307 2017 322 2053 0
334 2021 353 2053 et
365 2015 381 2053 Ο
394 2017 452 2053 lectio
465 2017 572 2054 sanissima.
586 2038 609 2043 -
622 2017 646 2055 V.
660 2018 671 2053 5
685 2028 721 2053 000
736 2017 852 2053 vocabulum

64 2063 127 2111 νύχιος
137 2063 184 2101 ferri
195 2067 261 2110 potest
273 2068 293 2099 et
305 2074 353 2109 opus
365 2067 428 2099 estut
441 2061 524 2099 Simonis
536 2063 607 2099 mentio
617 2062 722 2108 injiciatur.
743 2062 853 2098 Genuinam

65 2111 177 2156 scriptura-m
186 2112 295 2145 monstrant
304 2109 361 2144 codd.
369 2107 421 2155 Epir.
428 2109 469 2155 Du,
477 2108 497 2144 in
506 2108 576 2156 quibus
584 2120 629 2154 pro:
640 2107 704 2154 νύχιος
713 2107 737 2149 ὠς
745 2109 778 2144 ἐπὶ
787 2108 852 2156 Τύρον

65 2156 95 2198 τῆς
104 2159 194 2202 Φοινίκης
202 2154 315 2203 ἐξώρμησεν,
325 2154 418 2201 seriptum
430 2154 535 2200 reperitur:
549 2153 621 2201 φυγὰς
633 2152 644 2189 ὃ
657 2158 738 2203 Σίμων
749 2157 776 2195 εἰς
789 2152 853 2202 Τύρον

65 2199 127 2248 cipeto.
139 2201 281 2247 Reponendum
289 2201 359 2245 igitur:
368 2198 442 2248 φυγὰς
450 2202 484 2235 aut
492 2202 552 2248 φυγῇ
561 2200 571 2234 ὀ
579 2203 659 2247 Σίμων
667 2200 700 2235 ἐπὶ
708 2202 753 2235 cett.

107 2246 208 2289 P.111,12
220 2258 261 2293 sqq.
271 2255 320 2289 quae
331 2246 424 2289 leguntur
435 2245 503 2281 verba:
515 2248 545 2280 aul
556 2243 630 2292 ἄρξηται
642 2264 666 2270 -—
673 2243 739 2289 θήσει,
751 2243 853 2281 maximam

64 2294 136 2335 partem
145 2304 168 2328 ex
175 2290 250 2338 Evang.
258 2290 327 2327 llotth.
336 2289 409 2335 XXIV,
415 2290 439 2325 40
444 2301 486 2337 sqq.
495 2289 615 2336 deprompta,
624 2289 649 2325 ab
658 2289 697 2326 alia
702 2302 761 2326 manu
769 2291 795 2326 ad
802 2301 853 2326 mar-

79 2335 129 2373 iuem
138 2337 237 2383 adscripta
245 2339 265 2373 et
272 2335 354 2371 subinde
362 2340 435 2371 temere
443 2335 545 2371 verborum
553 2335 573 2370 in
581 2336 731 2381 perpetuitatem
739 2335 795 2371 illata
803 2339 853 2371 sunt.

6 2405 8 2408 -
66 2346 189 2418 β0000001000
203 2386 267 2418 autem
281 2384 326 2416 sunt
339 2381 406 2425 verba,
421 2391 470 2428 quae
482 2381 503 2415 in
515 2378 549 2416 Ev.
560 2379 630 2416 Matth.
639 2379 744 2426 XXIV‚48
755 2384 775 2418 et
788 2382 808 2416 in
818 2379 853 2416 Er.

6 2468 7 2471 Ἰ
65 2424 111 2462 Luc.
119 2427 165 2473 XII,
175 2427 199 2463 45
210 2431 255 2463 ante
266 2427 300 2463 illa
314 2426 437 2472 reperiuntur
447 2426 517 2471 posita.
535 2424 593 2462 Certe
604 2427 736 2462 necessarium
751 2429 794 2462 erat
808 2428 853 2461 ante

65 2476 94 2507 καὶ
102 2473 177 2553 ι’ἑρξμιαι
185 2474 278 2510 inserere:
291 2472 323 2510 ἐὰν
331 2474 352 2509 dr
363 2475 413 2521 ελπη.
431 2470 537 2507 Praeterea
548 2471 615 2518 inepta
627 2475 658 2507 est
665 2470 761 2518 particula
768 2473 800 2508 καὶ
807 2474 853 2507 ante

68 2514 101 2556 “ier
111 2529 132 2555 00
142 2520 212 2555 locata.

65 2531 75 2560 η
107 2563 128 2599 P.
138 2564 177 2610 112,
185 2566 194 2599 7
202 2575 230 2610 sq.
239 2566 302 2599 tentet
308 2562 388 2609 aliquis:
397 2560 418 2597 τὸ
428 2562 449 2597 di
457 2559 530 2603 πάντας
537 2563 677 2609 φιλαρχοῦνιας
684 2562 712 2597 ἑνὶ
718 2561 772 2608 μόνῳ
780 2560 854 2602 ὑπεῖξαι

65 2605 90 2652 μὴ
97 2612 166 2651 θέλειν,
175 2612 252 2646 αἰτίαν
260 2611 296 2644 καὶ
305 2610 413 2656 διαιρέσεως
421 2605 498 2646 πάντως
504 2610 534 2643 καὶ
543 2609 583 2643 τοῦ
591 2612 702 2653 περιπεσεῖν
711 2609 793 2653 ἔχουσιν.

108 2653 130 2689 P.
139 2655 178 2698 113,
187 2654 209 2689 10
218 2666 246 2701 sq.
256 2653 359 2689 censebam
368 2651 499 2688 scribendum:
511 2651 534 2693 ὡς
542 2651 603 2700 πατὴρ
612 2650 754 2700 ἀποδεχόμενος
762 2655 803 2698 (pro
812 2651 855 2688 ddi-

65 2701 176 2747 ιιουμένοις),
183 2700 224 2746 jam
234 2703 337 2745 antequam
345 2698 469 2733 memineram
477 2697 520 2741 loci,
530 2698 562 2744 qui
571 2704 602 2734 est
609 2697 665 2733 Hom.
674 2697 731 2743 1115,
755 2698 793 2745 .53,
800 2697 812 2733 9.
819 2710 854 2745 squ

65 2739 89 2800 0νο
96 2744 158 2825 ,700000
165 2744 309 2794 ἀποὸεχόμενος
317 2743 341 2782 τὰ
348 2742 407 2781 tidros»
414 2747 474 2781 τέκνα,
482 2764 504 2770 -
512 2743 536 2781 V.
545 2744 567 2779 18
575 2744 709 2790 reponendum
717 2710 805 2780 videtur:
814 2742 826 2788 ἥ
834 2757 854 2780 τι

65 2799 99 2823 oret
108 2799 130 2825 (te
149 2819 153 2826 .
