1827 3065
219 117 250 149 AD
260 117 394 152 CLEMENTIS
403 119 458 152 ROti.
470 119 534 157 QUAE
542 120 594 153 FER.
603 119 723 158 HOMILies,
827 106 870 150 265

80 220 173 267 βασιλείας
181 220 271 253 καθεῖλεν
281 218 303 253 οὐ
314 218 401 265 πατρὸς
416 218 531 268 ἀδελφοὺς
542 218 659 260 ἐκόλασεν,
673 221 692 254 et
701 217 794 264 imprimis
802 229 820 263 p.
830 218 869 261 1711,

80 267 86 301 1
98 274 135 309 sq:
144 260 251 302 -Ζεὺς-
260 262 294 299 τὸν
305 277 376 310 ποτερα
390 276 425 302 συν
436 272 547 306 τοιςθείοι
552 281 562 306 ς
574 265 655 307 κολάζει,
670 263 704 299 ubi
719 262 774 298 codd·
790 263 804 299 C
819 266 839 298 ei
853 263 869 298 Ο

78 307 181 358 praebent:
193 312 250 348 νεοῖς.
269 307 300 343 De
308 312 354 344 noto
365 310 503 345 vocabulorum
514 310 558 352 τοὺς
569 310 635 352 ἄλλους
645 321 683 345 usu
691 312 768 344 nonest
777 308 829 355 (lund
838 320 869 344 en-

78 353 150 402 pressis
158 352 223 388 verbis
234 364 327 388 moneam.
341 374 363 380 —
376 354 400 390 V.
408 354 432 390 14
438 366 506 391 voeem
518 355 619 402 Δωδώνην,
630 355 717 402 quamvis
727 354 785 390 etiam
793 354 843 389 infra
851 367 869 400 p.

80 399 118 443 14⁵2,
127 400 138 434 8
147 402 166 435 et
178 398 199 433 in
209 398 310 444 utriusque
317 398 369 445 Epit.
378 398 399 434 0.
407 399 436 435 LI
446 401 562 447 reperiatur,
572 406 682 448 corruptam
692 411 741 444 esse,
751 404 826 435 certum
834 403 869 435 est.

78 447 172 482 Posnerat
180 442 212 479 hie
225 444 315 490 scriptor,
327 445 367 489 vei,
383 445 399 479 si
410 445 480 490 mavis,
489 458 560 491 ponere
570 448 662 484 debebat:
679 446 774 491 Διδώνην.
788 443 827 481 Cfr.
836 445 869 480 im·

79 489 144 539 primis
153 490 179 525 Io.
188 488 256 535 Lydus
266 489 289 525 de
298 489 360 526 Mens.
372 489 406 535 IV,
414 490 444 535 44,
452 503 471 538 p.
481 491 509 536 78,
520 494 531 527 5
540 504 580 539 sqq.
592 492 686 529 Bekkern:
700 492 710 528 ὁ
723 493 744 528 δὲ
753 491 871 537 Χρύσιππος

80 537 101 574 οὗ
109 534 186 581 Διώνην
197 535 243 578 ἀλλὰ
253 534 342 579 Λιδώνην
353 535 411 582 αὐτὴν
423 536 548 587 ὀνομάζεσθαι
559 539 609 580 ιἰξιοῖ
618 538 669 586 παρὰ
681 537 702 574 τὸ
716 536 826 575 ἐπιδιδόναι
837 536 870 578 τὰς

79 585 111 627 τῆς
118 584 209 628 γενέσεως
216 580 290 626 ἡδονάς.
310 580 354 617 Vin.
367 581 426 618 etiarn
434 581 518 618 Zonaras
526 582 573 618 Len.
582 596 596 618 s.
604 596 621 620 v.
631 583 703 631 Διώνη,
711 583 746 620 ubi
753 583 802 620 haee
810 582 869 628 hujus

78 628 130 663 veeis
140 627 243 674 originatio
251 626 359 673 profertur:
372 626 384 673 ἢ
394 627 432 665 ἀπὸ
444 631 479 664 τοῦ
487 630 534 664 διδῶ
546 628 631 675 Διδώνη,
643 633 674 666 καὶ
682 628 753 674 ιίιώνη,
767 629 778 676 ’i
788 630 870 665 διδοῦσα

79 673 110 714 τὰς
119 671 263 719 τῆςη·ἐιιιιησεως
270 671 344 717 ἡδονάς4
361 672 457 709 Dodonen
468 684 526 709 unam
538 685 561 709 ex
573 672 702 710 Oceanidibus
716 674 777 710 fuisse
788 674 869 710 tradunt

79 718 186 766 Stephanus
195 718 278 763 Byrant.
287 730 301 753 s.
309 730 327 753 ν.
336 718 421 766 Δωδώνη
429 722 449 754 et
457 718 544 754 Eudocia
551 719 624 756 Violar.
632 733 650 767 p.
660 720 698 754 127.
713 721 801 756 Meminit
808 719 867 767 hujus

79 766 121 811 conj
124 767 202 800 ceturae
209 766 250 810 jam
258 763 370 799 Drosselius
379 764 443 800 adnot.
452 765 462 800 3
471 764 496 801 ad
503 764 554 811 Epit.
564 766 644 801 alterins
653 764 673 801 C.
682 764 715 799 LI.

123 809 145 845 P.
154 809 192 852 129,
202 812 211 844 1
221 820 249 855 sq.
258 809 380 845 scribendum
390 810 486 846 existimo:
495 810 540 847 iiiia
549 825 568 847 τε
576 816 634 859 μυρία
643 812 735 857 ἠσέβηκεν,
745 815 776 847 ἵνα
785 810 822 847 ὑπὸ
832 813 869 848 τῶν

79 859 90 893 δ
93 857 175 902 ιισσεβολν
185 855 216 891 διὰ
228 855 262 899 τὴν
274 854 425 902 ὑπερβάλλουσαν
437 857 527 904 ἀκρασίαν
537 857 582 897 θεὸς
591 859 643 898 εἶναι,
656 857 665 893 ὁ
676 856 779 905 pudende
787 863 819 898 isc.
829 855 867 899 ὤν),

80 903 206 952 δομμαιισνῇ.
218 900 284 936 Libri:
296 900 305 937 ὁ
313 905 384 950 μῦθος,
397 906 477 948 excepto
489 902 530 938 eod.
540 901 561 937 Ο.
567 902 620 949 Epit.
628 902 670 946 Dr,
679 903 699 938 in
708 913 744 949 quo
753 901 801 937 haec
810 902 870 938 verba

79 947 153 983 desunt.
167 944 205 982 Cir.
213 959 233 1002 p.
243 946 282 991 150,
291 947 311 980 5:
321 949 356 984 τοῦ
363 948 453 996 ἀσελγοῦς
460 948 513 990 Διός,
522 950 557 985 τοῦ
563 950 653 998 μανικοῦ,
663 948 696 984 ubi
705 947 746 984 eod.
756 945 788 982 Os
796 948 867 997 μυθού,

79 992 170 1029 etV.12:
184 999 231 1033 Ζευς
241 996 289 1040 λέγω
301 992 310 1028 ὁ
321 993 408 1043 μανικὸς.
416 1015 440 1020 —
453 992 477 1029 V.
489 994 526 1038 129,
540 995 561 1029 ia
571 1005 597 1041 sq.
607 994 729 1030 scribendum
741 993 827 1029 videtur:
841 995 867 1029 ἔτι

78 1038 149 1083 finding
157 1036 214 1083 οὔσης
223 1039 254 1084 τῆς
262 1040 322 1086 ψυχῆς
330 1039 365 1085 (sie
371 1039 425 1075 codd.
430 1038 481 1084 Epit.
486 1039 530 1087 Dr.)
537 1062 560 1066 α
568 1054 576 1076 ε
586 1040 636 1081 ςτὸν
648 1039 710 1078 αὐτῶν
719 1051 745 1076 συ
779 1041 869 1087 ιοροῦσι

79 1083 129 1133 (ced.
138 1081 158 1119 O.
167 1087 187 1119 et
195 1082 221 1119 O:
235 1083 350 1132 σιιμφύσυσι,
360 1084 401 1120 eod.
410 1083 432 1120 Ο.
438 1085 490 1131 Epit.
496 1084 536 1127 Dr,
545 1088 677 1134 συμφωνοῦσι,
687 1085 728 1121 cod.
736 1053 814 1131 iiiipit.
822 1085 868 1120 Dr:

79 1132 211 1180 σομριωροῦσιλ
220 1132 269 1165 νοῦν.

123 1176 144 1211 Ρ.
153 1176 192 1220 130,
201 1176 212 1211 7
221 1186 248 1221 sq.
258 1185 306 1222 quae
314 1175 407 1222 teguntur
414 1175 482 1211 verba:
495 1178 556 1212 κακῶν
566 1174 602 1224 γὰρ
612 1174 731 1224 μαθημάτων
742 1179 833 1224 με’μοντες
840 1179 871 1220 aab

79 1225 169 1262 πνέοντες
178 1227 218 1262 τοῖς
226 1224 398 1269 συναμιλλωμένοις
407 1220 469 1265 ὥσπερ
479 1220 552 1258 λύσσαν
559 1227 599 1261 τοῖς
607 1225 689 1266 πλησίον
699 1220 836 1269 μεταδιδόασιν
844 1222 871 1256 ὡν

78 1266 202 1304 πεπόνθασιν
210 1267 271 1308 αὐτοί,
284 1264 365 1301 difficile
378 1269 408 1301 est
418 1268 523 1302 restituere
534 1266 555 1301 in
564 1266 665 1312 integrum.
678 1266 721 1303 Nou
729 1266 807 1301 videtur
816 1265 870 1301 dubi·

78 1311 158 1347 tandum
167 1323 215 1356 esse,
228 1311 274 1357 quin
284 1316 329 1357 post
340 1311 456 1347 vocabulum
468 1311 540 1348 λύσσαν
552 1323 633 1347 eanum
645 1311 698 1347 faeta
710 1312 735 1347 sit
743 1312 826 1355 mentio,
835 1311 869 1347 cfr.

78 1370 95 1404 p.
105 1357 144 1401 131,
153 1357 175 1392 16
185 1368 225 1404 sqq.
245 1355 301 1398 Quod
312 1356 338 1392 ad
346 1356 441 1392 dictiones
449 1356 491 1393 iere
503 1356 555 1392 idem
567 1356 711 1403 significantes:
729 1363 768 1397 τοῖς
777 1361 868 1405 συναμιλ-

78 1406 169 1451 λωμένοις
178 1406 197 1437 et
206 1408 245 1443 τοῖς
253 1405 343 1447 πλησίον,
352 1402 430 1446 attinet,
438 1401 481 1439 fieri
489 1405 561 1449 petest,
570 1406 592 1437 ut
601 1413 624 1438 ex
633 1402 714 1438 diversis
723 1402 869 1438 recursionibus

92 1448 152 1483 etitae
172 1447 219 1493 sint3
240 1459 278 1494 qua
302 1446 400 1483 sententia
417 1448 509 1494 probata,
533 1448 628 1483 alterutra
647 1448 763 1483 eliminanda
784 1449 826 1483 erit.
847 1468 871 1474 -

78 1460 183 1540 §equentia
194 1493 255 1529 verba
268 1492 296 1528 sie
308 1492 427 1529 emendanda
441 1505 519 1529 censeo:
537 1492 558 1530 τὸ
572 1496 592 1530 δὲ
602 1492 747 1541 χαλεπώτατον,
761 1492 814 1534 ὅστις
827 1494 869 1541 παρ’

78 1540 142 1579 αὐτοῖς
151 1543 217 1577 πλεῖον
225 1540 356 1582 πεπαίδευται,
365 1541 430 1586 πολληλ
441 1541 531 1588 μᾶλλον
540 1541 575 1576 τοῦ
583 1538 697 1587 κατὰ-,φύσιν
706 1540 762 1580 οὖτος
771 1541 812 1575 τοῦ
820 1554 868 1587 φρο-

78 1591 118 1622 νεῖν
127 1586 253 1628 ἒπτέτραπται.

124 1630 146 1665 Ρ.
155 1631 195 1674 132,
204 1631 225 1666 18
236 1629 304 1666 verba:
317 1629 327 1665 ὁ
338 1631 374 1678 μὲν
384 1629 419 1679 ηιὲιρ
432 1629 481 1679 πρὸς
491 1629 596 1678 ι’ἑννριοπον
608 1630 656 1675 ἔχειν
664 1629 698 1666 τὸν
707 1630 789 1668 σκοπὸν,
800 1629 869 1676 procul

79 1675 136 1712 dubio
146 1679 236 1722 corrupta
245 1679 295 1710 suut.
307 1674 358 1711 Num
367 1676 461 1721 scriptum
469 1678 520 1711 erat:
530 1675 578 1724 πρὸς
585 1675 692 1723 direptum
703 1677 751 1721 ἔχων
764 1673 789 1720 τὴ
794 1688 803 1711 ν
817 1687 869 1711 σπο-

79 1722 124 1767 aba
137 1722 169 1757 vei
184 1720 298 1758 σκοπιὰνῗ
316 1720 360 1756 Non
375 1720 495 1766 dubitamus,
508 1721 554 1767 quin
562 1722 618 1767 ,ἔχειν
630 1736 645 1756 τ.
658 1732 685 1757 σι.
694 1719 743 1769 πρός
751 1734 793 1757 τινα
802 1720 870 1756 eodem

80 1779 138 1803 sensu
146 1766 185 1802 dici
193 1766 279 1813 potuerit
287 1777 324 1812 que
334 1769 411 1803 σκοπῶν
420 1766 468 1816 πρός
476 1780 523 1803 τινα.
772 1791 774 1793 -

124 1813 145 1848 Ρ.
153 1813 194 1857 135,
204 1814 227 1848 16
235 1811 367 1848 scribendum:
381 1816 536 1861 προσέμενον,
546 1813 597 1858 ηιιοδ
607 1811 665 1847 etianr
673 1811 752 1858 propius
760 1811 836 1847 accedit
845 1811 870 1847 ad

79 1857 134 1894 codd.
147 1857 162 1894 C
172 1861 191 1894 et
200 1856 216 1893 0
225 1857 338 1905 scripturam
347 1863 469 1907 προσέμενεν.
478 1879 498 1883 -
508 1857 532 1893 V.
541 1859 563 1893 ia
570 1857 703 1904 reponendum
711 1860 760 1892 erat:
778 1870 870 1906 προσρκ

79 1903 200 1944 ιιιώσιιιο,
210 1914 271 1949 aeque
280 1906 338 1949 atque
346 1916 364 1950 p.
372 1904 429 1948 ‘2083
437 1903 548 1950 recipienda
557 1903 598 1939 cod.
608 1900 623 1938 0
633 1903 738 1949 scripturn:
748 1915 870 1951 προσῳκειω-

94 1954 131 1987 ἐνα.
149 1949 212 1996 Magis
225 1948 304 1984 dubium
313 1952 352 1993 est,
362 1949 411 1985 sitne
424 1961 481 1995 supra
489 1961 508 1995 p.
517 1948 550 1984 127
558 1948 621 1984 forma
632 1952 802 1997 προσευηργέτηκε,
814 1960 871 1995 quam

78 1965 110 2048 iiic
118 1995 175 2075 ἱδρυὸ
177 1995 227 2031 iiber
234 2006 290 2030 mser.
296 1994 384 2042 praebet,
392 1994 599 2042 praeferendassformae
608 1999 773 2043 προσευερνίτηπε,
782 2005 831 2040 quae
840 1997 871 2030 est

80 2053 101 2076 in
108 2051 150 2076 coc.
176 2068 180 2074 .
516 2049 521 2058 ·

125 2086 147 2121 P.
157 2085 196 2129 136,
207 2084 220 2120 4
232 2085 364 2121 scribendum:
381 2085 492 2132 ὑφεστάναι,
504 2085 555 2132 qued
563 2085 625 2132 ipsum
634 2084 675 2120 ced.
685 2083 727 2129 Op.
735 2084 775 2128 157,
784 2085 807 2119 16
815 2096 870 2131 prae-

79 2131 123 2176 bet;
132 2130 166 2167 cfr.
176 2130 256 2167 eodan.
264 2130 369 2167 Hermann.
378 2133 442 2167 adnot.
451 2132 477 2167 ad
483 2130 575 2176 Aesciryl.
584 2128 652 2177 rigam.
661 2142 678 2164 v.
686 2130 726 2165 517.

124 2176 146 2212 P.
155 2177 194 2220 138,
201 2177 224 2212 10
231 2187 258 2222 sq.
266 2176 371 2224 legendum
378 2177 475 2213 existimo:
485 2198 507 2203 -
515 2181 602 2225 κρίνεται,
611 2179 648 2212 καὶ
656 2174 681 2211 τὸ
694 2180 716 2211 τί
723 2179 807 2223 γέγονεν,
818 2176 839 2211 οὐ
848 2175 870 2211 τὸ

81 2224 121 2263 πῶς
128 2225 194 2268 ηιένονε
203 2220 325 2270 δοκιμάζεται.

124 2269 146 2304 P.
155 2267 194 2311 139,
209 2267 229 2301 17
240 2279 275 2313 pro
287 2266 357 2308 παιδὸς
361 2267 427 2314 χάριν,
438 2277 517 2313 quorum
529 2265 668 2301 vocabulorum
675 2266 772 2313 posterius
782 2265 871 2313 Schweg-

79 2312 131 2349 lenus
144 2324 183 2349 non
194 2312 244 2348 male
258 2312 279 2347 in
290 2316 365 2359 χαίρειν
380 2313 450 2348 mutari
461 2312 528 2356 iussit,
537 2322 574 2359 ego
588 2311 712 2347 scribendum
723 2323 802 2348 censeo:
815 2327 871 2349 παι-

81 2359 93 2393 δ
97 2363 118 2396 εί
121 2374 144 2399 ας
149 2357 212 2405 χάριν.

125 2404 147 2439 P.
152 2391 206 2447 14δ,7
213 2402 280 2439 verba:
286 2402 345 2451 Ἔρως
351 2404 374 2439 δέ
379 2404 431 2439 ἐστιν
438 2401 448 2438 ὁ
455 2401 532 2441 πάντων
539 2404 590 2439 θεῶν
596 2402 730 2451 πρεσβύτατος,
735 2414 781 2437 num
787 2402 871 2448 genrrina

80 2448 124 2493 snt,
138 2448 264 2485 dubitandum
272 2447 354 2483 videtur.
375 2448 443 2494 Neque
452 2448 502 2483 eninr
513 2451 581 2495 aptum
592 2454 631 2493 est,
644 2449 689 2484 deos
699 2448 750 2483 solos
759 2458 871 2483 commemo-

80 2495 123 2529 rari.
135 2495 204 2530 Potest
212 2497 276 2529 autem
284 2497 306 2527 ut
314 2492 429 2528 vocabulum
438 2496 489 2530 θεῶν
497 2493 520 2529 ex
527 2494 591 2529 altera
598 2497 723 2541 antegressae
731 2492 784 2531 vacis
793 2491 871 2529 πάντων

81 2539 156 2584 syllaba
168 2550 215 2575 casu
225 2539 296 2574 iterata
307 2542 371 2573 ortum
382 2538 417 2582 sit,
429 2543 463 2575 aut
474 2538 518 2575 fieri
527 2542 594 2585 potest
604 2543 627 2575 ut
637 2541 682 2585 pest
693 2537 742 2573 iilud
755 2537 872 2573 vocabulum

80 2584 155 2630 aliquid
162 2584 288 2621 interciderit.
297 2605 320 2609 —
330 2582 354 2618 V.
363 2584 386 2618 13
399 2595 416 2618 se
422 2595 439 2630 q.
449 2585 572 2620 scribendum
584 2585 660 2631 opiner:
674 2587 690 2619 εἰ
702 2585 723 2620 δὲ
734 2585 806 2619 ἐκείνου
814 2585 872 2633 βουλῇ

81 2630 222 2678 ἐπιθυμοῦντες
229 2650 252 2655 -
261 2627 406 2678 ἐπιχειρήσομεν
414 2595 451 2677 isio
460 2630 502 2666 cod.
511 2629 541 2677 0),
551 2632 592 2671 πῶς
600 2651 621 2655 -
633 2629 656 2666 οὐ
667 2628 689 2664 τὰ
696 2631 778 2676 μέγιστα
789 2628 872 2676 dosevi-

81 2685 164 2724 σομενς

126 2721 149 2756 Ρ.
157 2720 197 2765 141,
206 2720 217 2755 7
226 2730 255 2767 sq.
264 2731 287 2756 ex
298 2731 341 2756 mea
354 2720 451 2756 sententia
464 2720 556 2767 seriptum
569 2723 619 2755 erat:
634 2719 729 2767 εὐεργέτης
745 2718 795 2766 πρὸς
807 2732 872 2756 τεκνο-

81 2767 148 2804 ποιίαν
156 2766 266 2812 νενόηται
274 2766 316 2814 (pro
325 2767 397 2811 inlate),
406 2765 441 2812 τὴν
448 2767 507 2803 αὐτοῦ
514 2768 560 2802 cett.
571 2787 595 2791 -
602 2764 627 2801 V.
636 2764 647 2799 8
655 2774 683 2810 sq.
695 2763 873 2812 interpungendum

83 2814 112 2846 est
120 2811 157 2848 ita:
167 2812 209 2861 παρ’
221 2810 249 2854 οἷς
257 2813 278 2849 δὲ
287 2814 319 2849 ἐπὶ
332 2814 354 2864 τῇ
359 2811 423 2861 χάριτι
432 2812 525 2859 ἠπίστατο
532 2810 664 2859 ἀνισούμενος,
673 2814 819 2860 μετεμορφοῦτο
827 2813 872 2846 cett.
