1827 3065
360 163 466 198 retroue
478 161 554 196 aaron,
831 148 860 190 37

77 272 80 281 '
109 269 137 304 uli
145 277 228 314 namque
237 266 282 301 dum
290 266 404 318 exspectant
415 263 499 298 futurum
511 273 557 310 erga
568 261 621 307 ipsos
630 258 672 312 Dei,
682 261 753 295 cuncta
764 259 858 295 intuentis

134 327 158 359 ur,
167 313 192 349 ad
200 314 306 358 temperate
314 309 418 346 vivendum
425 308 516 344 maiorem
528 308 622 354 impetum
630 307 719 353 caprunt3
729 308 748 341 et
757 305 790 353 qui
798 305 858 342 vitam

66 362 177 400 noderatam
185 357 277 402 traduxit,
287 360 365 392 aeterno
375 354 470 403 supplicio
478 354 577 391 liberatur.
706 396 717 404 ..

105 406 137 442 LI.
156 406 214 441 Porro
227 404 271 438 dum
282 402 433 448 uniuscuiusque
445 412 519 446 eorum,
535 400 568 448 qui
579 398 631 446 apud
641 409 676 434 vos
691 396 719 432 dn
729 397 857 444 nominantur,

67 454 127 501 mpios
136 456 191 488 actus
199 450 303 497 redarguo,
312 448 364 484 Iovis
372 475 376 493 ,
385 447 480 495 Neptuni,
489 446 588 491 Plutonis,
596 443 704 492 Apollinis,
716 443 800 489 Bacchi,
810 445 858 481 Her-

130 510 140 534 c
149 496 277 544 singulorum,
291 506 338 542 quos
350 506 412 541 neque
421 494 459 541 ipsi
469 493 564 541 ignoratis
572 495 641 539 utpote
650 490 670 526 in
680 488 797 526 Graecorum
805 491 858 528 litte-

134 543 185 586 ituti,
195 554 242 589 quas
251 541 302 577 vitas
311 541 375 577 edocti
384 540 469 585 estis„ut
477 543 570 585 tanquam
578 539 657 574 deorum
669 536 797 573 aemulatores
806 538 857 573 simi-

131 588 204 637 agatis,
218 591 238 623 et
250 587 274 623 ab
286 587 328 633 ipso
339 587 429 634 primum,
445 585 461 620 si
476 585 562 629 videtur,
576 584 659 620 maximo
673 593 720 630 rege
731 582 778 619 Iove
790 584 857 620 ordiar.

129 634 206 681 quidem
217 637 272 680 pater
281 632 373 669 Saturnus
386 632 453 668 liberis
462 631 512 675 suis,
521 635 543 667 ut
551 631 620 675 fertur,
633 628 730 665 devoratis
740 632 760 665 et
768 629 858 665 adaman·

132 682 163 716 lce
175 679 268 715 demessis
279 678 330 726 patri
339 678 468 726 genitalibus,
481 677 561 724 pietatis
574 688 620 724 erga
631 678 722 722 parentes
731 679 751 711 et
759 675 829 711 amoris
838 676 858 711 in

141 726 176 771 iis,
191 725 224 772 qui
239 725 317 761 deorum
330 724 423 772 mysteria
435 723 565 768 aemulantur,
580 721 687 769 specimina
702 732 726 756 ac
741 722 858 768 exemplaria

132 772 153 807 ιι.
180 771 225 818 Ipse
236 782 280 806 uero
289 770 364 817 Iupiter
374 774 449 817 patrem
462 781 516 804 suum
526 770 613 805 vinctum
624 767 645 802 in
653 767 755 803 Tartarum
763 768 858 815 praecipi·
878 769 883 776 “

132 821 152 853 et
160 817 209 853 alios
218 816 263 852 deos
272 818 333 863 punit.
357 816 394 852 Pro
404 816 428 851 iis
437 818 510 859 autem,
523 815 555 862 qui
566 813 671 850 nefandam
679 816 758 860 patrant
770 813 858 850 obsceni-

71 877 81 900 a
92 875 101 899 e
123 862 198 906 ‚Metin
207 874 249 897 cum
258 863 359 909 genuisset
367 862 469 908 absorpsit.
492 860 551 897 Porro
559 860 619 896 Metis
629 862 669 895 erat
679 870 753 904 semen3
762 859 857 895 infantem

72 910 110 945 nim
123 907 221 944 absorberi
232 908 357 954 impossibile.
381 907 405 943 In
420 906 552 943 defensionem
564 918 609 942 raro
624 916 697 949 eorum,
712 906 745 951 qui
755 917 857 953 puerorum

67 954 161 1001 ndulgent
172 953 276 998 amoribus,
290 952 423 1001 Ganymedem
432 953 488 999 rapit.
519 952 545 988 Et
556 950 649 988 adulteris
661 951 682 986 in
693 951 789 987 adulterio
801 963 857 998 opem

68 1011 128 1044 erere,
138 1000 179 1046 ipse
188 1010 245 1045 saepe
254 999 344 1034 moechus
353 999 454 1034 invenitur.
478 997 511 1033 Ad
520 1009 593 1034 sorores
606 997 665 1032 etiam
674 996 772 1032 ducendas
785 997 857 1033 invitat

68 1057 102 1092 pse
112 1044 238 1092 congrediens
251 1056 293 1079 cum
302 1045 397 1080 sororibus
405 1044 478 1079 Iunone
488 1047 508 1079 et
517 1042 586 1079 Cerere
595 1046 615 1078 et
620 1042 697 1078 Venere
704 1042 791 1086 caelesti,
801 1054 858 1088 quam

60 1093 148 1127 nonnulli
158 1090 261 1126 Dodonam
271 1094 346 1125 vocant.
370 1089 397 1124 lis
405 1101 459 1133 vero,
471 1089 504 1141 qui
513 1100 556 1123 cum
564 1087 642 1123 filiabus
655 1087 775 1123 commisceri
782 1090 858 1132 volunt,

62 1149 104 1172 eum
112 1136 227 1182 Proserpina
236 1145 350 1181 congressus
359 1135 466 1180 exemplum
474 1134 582 1179 improbum
591 1144 614 1168 ex
621 1132 695 1168 fabulis
704 1131 794 1168 efficitur.
813 1132 859 1169 Alia

62 1192 137 1229 quoque
146 1182 245 1216 innumera
253 1179 311 1226 impie
320 1180 391 1227 gessit,
402 1183 425 1214 nt
433 1179 457 1215 ab
466 1178 531 1225 impiis
539 1177 649 1214 hominibus
657 1180 736 1224 propter
744 1189 858 1225 exsuperan-

70 1239 101 1263 em
113 1225 280 1272 intemperantiam
291 1225 400 1262 fabulosum
412 1225 482 1272 dogma
494 1224 518 1260 de
530 1224 583 1260 illius
596 1223 699 1259 divinitate
711 1223 805 1271 imperitis
817 1237 859 1273 per-

62 1285 138 1309 suasum
149 1271 213 1307 fuerit.
236 1270 273 1305 His
289 1282 334 1318 ergo
350 1283 390 1307 non
402 1275 475 1307 temere
488 1269 621 1307 condemnatis
635 1269 661 1305 ad
671 1269 744 1315 Deum,
759 1271 792 1316 qui
806 1272 859 1308 solus

61 1319 122 1356 bonus
131 1321 170 1362 est,
180 1316 267 1364 confugi,
277 1328 320 1352 cum
328 1316 386 1353 fidem
395 1320 447 1353 certo
455 1316 528 1352 iudicio
536 1316 656 1360 habuissem,
669 1316 721 1362 quod
729 1327 753 1352 ex
760 1316 799 1353 Dei
807 1318 859 1354 iusto

82 1364 131 1400 dicio
144 1367 164 1400 et
175 1363 207 1399 lex
218 1361 257 1397 fixa
268 1362 294 1397 sit
306 1373 328 1398 ac
338 1362 428 1408 definita,
440 1365 460 1398 et
472 1362 537 1398 anima
549 1362 626 1398 omnino
634 1373 668 1409 pro
681 1362 778 1409 dignitate
787 1375 858 1409 eorum,

62 1421 110 1457 quae
119 1409 187 1457 gessit,
197 1408 301 1454 aliquando
309 1412 412 1455 receptura
421 1408 452 1443 sit.

106 1454 149 1490 LH.
162 1455 216 1490 Haec
226 1466 268 1489 cum
277 1453 374 1498 dixissem,
382 1454 461 1502 Appion
468 1453 550 1489 orationi
557 1453 649 1489 subiecit:
663 1452 714 1495 Quid
721 1454 785 1490 enim?
794 1467 859 1492 nonne

63 1500 132 1536 Graeci
140 1500 199 1537 etiam
208 1498 362 1547 Graecorumque
371 1501 426 1548 leges
435 1500 474 1535 ista
482 1498 591 1546 prohibent,
601 1502 621 1535 et
629 1499 727 1535 adulteros
737 1512 817 1548 eosque,
826 1502 859 1548 qui

133 1545 240 1593 pugnantia
252 1545 381 1590 committrmt,
392 1545 456 1593 puniri
468 1544 572 1581 sanciunt?
590 1545 616 1580 Et
628 1556 665 1592 ego
676 1546 777 1598 respondi:
796 1547 860 1594 Igitur

82 1603 180 1628 raecorum
188 1591 215 1626 dii
227 1591 323 1627 contraria
335 1592 412 1639 legibus
425 1591 520 1628 facientes
529 1603 567 1627 nou
578 1591 620 1627 leve
633 1591 750 1638 supplicium
758 1597 859 1629 merentur.

64 1637 168 1679 Quomodo
177 1640 242 1672 autem
249 1648 279 1672 me
289 1648 376 1673 coercere
383 1641 457 1684 potero,
467 1637 511 1672 darm
518 1637 613 1681 existimo,
622 1636 669 1672 deos
679 1637 732 1682 ipsos
740 1638 812 1684 primos
820 1652 860 1675 una

63 1694 105 1718 cum
117 1682 212 1718 adulterio
224 1686 294 1718 cuncta
301 1682 377 1730 flagitia
388 1682 503 1730 perfecisse,
518 1694 555 1718 nec
583 1694 640 1718 oenas
653 1682 740 1726 dedisse,
755 1695 803 1730 quas
815 1685 859 1721 ideo

61 1727 122 1775 magis
134 1728 179 1763 dare
192 1727 298 1771 debebant,
312 1729 407 1774 quianon
419 1728 504 1764 serviunt
516 1739 539 1763 cu
553 1728 560 1763 i
575 1726 632 1764 itati‘?
655 1727 711 1770 erod
722 1728 739 1762 si
752 1731 770 1765 ei
781 1730 859 1766 obnoxii

62 1773 147 1817 filerunt,
160 1784 197 1820 quo
209 1776 266 1819 pacto
280 1773 307 1808 dii
320 1773 387 1810 erant?
402 1774 429 1808 Et
439 1772 526 1821 Appion:
539 1740 586 1810 liint
598 1773 655 1809 nobis
663 1786 697 1821 pro
707 1785 765 1821 scopo
774 1787 813 1811 non
821 1776 860 1812 iam

135 1819 147 1853 d
158 1819 241 1863 iudices,
254 1818 275 1854 in
287 1830 333 1865 quos
341 1820 462 1866 respiciendo
470 1831 552 1866 peccare
563 1822 676 1855 metuemus.
700 1818 727 1855 At
736 1832 772 1868 ego
782 1822 859 1869 excepi:

81 1875 105 1899 on
117 1868 147 1899 est
158 1864 231 1907 simile,
244 1875 254 1899 o
265 1862 348 1910 Appion.
373 1865 410 1908 Qui
421 1865 472 1901 enim
485 1865 510 1900 ad
520 1864 618 1901 hominem
630 1865 727 1909 collimat,
740 1878 774 1913 spe
785 1867 860 1903 latendi

63 1908 172 1956 delinquere
185 1909 261 1945 omnino
273 1910 362 1956 audebit,
374 1911 407 1958 qui
418 1922 462 1947 vero
475 1910 539 1946 Deum
554 1911 638 1947 omnium
651 1911 781 1958 inspectorem
796 1917 860 1950 metae

70 1966 104 1990 oco
113 1955 187 1990 animae
197 1966 242 1990 suae
250 1957 350 2002 proposuit
358 1968 436 2005 gnarus,
445 1957 496 2003 quod
504 1967 548 1992 eum
555 1957 617 1993 latere
625 1969 664 1993 non
672 1960 745 2004 posset,
756 1959 806 1995 clam
815 1970 860 2006 quo-

63 2010 99 2046 que
107 2012 188 2044 peccare
198 2001 338 2047 supersedebit.

74 2089 78 2097 ,
95 2090 98 2098 Ι
106 2044 159 2081 LIII.
181 2046 234 2089 Quae
243 2058 286 2082 cum
294 2047 381 2085 audisset
390 2047 474 2096 Appion,
482 2048 626 2095 intellexeram,
636 2048 705 2096 inquit,
715 2060 739 2085 er
747 2061 784 2097 quo
793 2051 859 2087 audivi

64 2090 100 2126 trbr
109 2103 151 2128 cum
161 2091 276 2128 Christianis
286 2104 329 2130 esse
338 2095 503 2139 consuetudinem,
512 2095 617 2131 mutavisse
626 2098 646 2131 te
656 2095 778 2132 sententiam.
802 2097 860 2134 Prae-

64 2136 114 2172 clare
124 2138 174 2174 enim
183 2150 194 2174 a
203 2138 285 2185 quodam
295 2139 416 2177 dictumest:
432 2141 496 2176 Mores
505 2142 561 2177 hortos
570 2142 665 2187 colloquia
673 2149 794 2189 corrruapuat
802 2145 860 2179 caulo.

62 2180 106 2217 Ete
121 2184 166 2220 oad
173 2184 236 2219 illum:
254 2184 306 2233 Ergo
318 2198 379 2223 mores
391 2199 430 2223 non
441 2186 502 2223 bonos
512 2187 608 2233 colloquia
616 2187 668 2223 bona
678 2187 781 2235 corrigunt.
805 2188 861 2226 Haec

62 2238 91 2279 me
116 2229 179 2266 icente
193 2230 225 2277 qui
237 2230 317 2267 aderant
328 2245 367 2269 non
380 2233 460 2269 obscure
471 2232 587 2269 videbantur
600 2233 694 2270 delectari
706 2233 740 2279 iis,
753 2246 802 2281 quae
811 2247 823 2271 a
831 2247 861 2271 me

63 2272 183 2321 drcebantur;
194 2276 246 2312 rmde
258 2281 278 2313 et
291 2289 333 2322 cum
344 2282 456 2328 rogassent,
467 2282 489 2314 ut
500 2278 594 2325 postridie
606 2279 676 2316 iterum
685 2282 828 2326 conveniretur,
841 2282 862 2317 in

63 2321 213 2367 praesentiarum
226 2322 361 2360 discesserunt.
385 2325 465 2361 Postero
477 2328 542 2361 autem
554 2325 585 2360 die
597 2325 655 2362 Petro
668 2337 747 2374 egresso
762 2339 861 2375 processe-

68 2456 140 2504 ’ῥριιξεν
156 2471 191 2494 ιιοιι
211 2463 301 2496 conveniat
315 2474 353 2497 cum
367 2461 444 2505 κολάζει.
473 2461 492 2509 2)
502 2464 520 2497 οἱ
531 2465 602 2498 accessit
614 2476 634 2498 ex
641 2465 696 2506 Ber),
708 2466 760 2499 Hom.
769 2467 801 2509 IV,
813 2464 836 2500 23
845 2470 862 2500 et

62 2501 100 2535 Non
107 2506 197 2555 assentior.
207 2508 257 2541 Dete
265 2509 445 2552 cfr.HesiodiTheog.‚
473 2512 533 2543 nostra
540 2510 588 2554 Epit.
601 2529 625 2534 —
636 2507 654 2556 3)
663 2508 690 2556 μὴ
697 2522 729 2544 om.
737 2512 755 2546 (l-
768 2531 793 2536 -
805 2509 824 2557 4)
834 2510 860 2560 μὴ

62 2549 78 2578 et
90 2548 153 2594 Epiph.
164 2552 215 2585 Haer.
230 2551 253 2587 26
265 2566 282 2587 u.
294 2553 316 2587 16
332 2556 352 2588 de
367 2566 446 2599 seqq.—
475 2554 503 2589 ἔτι
515 2556 536 2588 al.
551 2567 577 2600 ap.
591 2557 628 2590 Cot.
642 2575 666 2579 —
676 2553 695 2601 5)
704 2553 742 2591 ἀλλ’
756 2554 832 2601 ἢΒΟΙ)
845 2563 863 2593 ct

62 2588 80 2635 8]
89 2593 237 2640 πειιαριιστῶνΒ.
247 2596 292 2645 -9)
301 2597 445 2645 γιιννιιμήὸηνῦ.
475 2603 533 2634 nostra
541 2602 595 2646 Epit,
605 2598 668 2645 ἆλλὲιῆ
677 2603 699 2635 al.
707 2614 734 2647 ap.
744 2605 788 2646 dot,
797 2602 835 2638 ἀλλ’
843 2606 862 2639 οἱ

62 2636 123 2684 40)
131 2640 199 2687 μοιχὸς
208 2642 340 2684 πολλάκιςιιιν,
349 2649 369 2679 B.
381 2665 404 2670 —
415 2643 446 2692 ll)
475 2647 526 2680 Hom.
541 2648 553 2680 l.
567 2658 580 2682 c.
589 2666 612 2671 -
627 2644 646 2693 6)
660 2648 678 2681 Is
690 2649 732 2682 ordo
744 2662 791 2684 voce.
803 2651 861 2693 BGD,

136 2692 211 2722 κτανεῖν
217 2691 267 2733 BGD,
274 2692 325 2724 Hom.
333 2693 358 2726 ed.
368 2693 448 2726 Gotelerii
476 2693 527 2726 Hom.
535 2694 547 2727 l.
556 2704 570 2726 c.
580 2696 597 2726 et
604 2697 672 2727 nostrae
679 2696 732 2739 Epit,
743 2694 777 2731 τὸν
787 2693 862 2731 σκοπὸν

129 2735 232 2787 pstraEpit.
244 2739 261 2768 ct
272 2737 293 2769 al.
311 2748 337 2781 ap.
351 2739 387 2771 Cot.
401 2738 445 2771 Sub·
475 2738 524 2783 ἔχων
532 2740 577 2782 vulg.
592 2758 615 2763 -
627 2738 645 2784 7)
659 2737 763 2777 λανθάνειν
773 2744 793 2775 B.
806 2761 830 2766 —
843 2739 861 2788 8)

65 2776 444 2880 turra<eructata1⁴2>
474 2782 791 2868 apag-,papus

81 2860 85 2871 ’
135 2881 146 2902 u
152 2870 173 2902 D.
182 2852 206 2894 1-
214 2868 243 2917 14)
253 2842 435 2917 onovdrjirovrsod.mi
474 2843 556 2911 tatumpin
564 2877 584 2916 ἐξ
591 2830 646 2920 troi,
655 2845 705 2922 ’qidd
712 2846 861 2925 leprbrplanssmpj

120 2924 136 2957 p.
145 2915 183 2949 LII.
201 2914 294 2962 1)Άιιίων
306 2920 327 2952 al.
339 2931 365 2965 ap.
377 2922 446 2955 θοι-
475 2923 600 2958 οἰιλοιῶσιιιιι
614 2925 639 2967 D,
653 2922 780 2968 ἠλλοιοῦσιιιι
794 2926 816 2960 al.
834 2937 861 2970 ap.
