1827 3065
0 2558 2 2561 Α
45 2525 56 2556 0

325 124 430 170 irrisoria
442 138 539 170 lirani.
788 124 829 166 145

42 246 112 286 veniam
123 236 216 285 accipiat,
231 236 276 283 quia
288 236 339 271 malo
351 235 432 272 facinori
446 237 599 274 adim-amentum
610 235 730 284 praetulerit.
754 235 827 278 Quibus

42 295 72 331 ille
85 286 165 328 auditis,
177 283 205 318 ira
216 282 301 328 percitus
314 285 394 317 mortem
406 282 462 317 nobis
473 284 557 319 minatus
570 288 608 328 est,
623 282 662 317 nisi
677 293 726 328 quae
741 286 828 328 gesserat

87 342 149 369 emus.

42 345 178 414 taefflXXXIII.
201 371 241 414 Ubi
249 372 321 418 Aquila
328 372 377 408 haec
386 372 443 417 dixit,
452 385 488 421 ego
497 374 586 411 Clemens
594 373 722 421 interrogavi,
748 384 829 409 uaenam

43 428 103 466 essent
119 419 220 462 miracula,
238 429 286 464 quae
300 417 378 454 faceret.
403 417 436 453 Illi
450 430 494 455 vero
508 421 648 467 responderunt
662 419 718 455 mihi:
735 384 794 455 iacit
807 422 828 454 ut

43 476 113 511 statuae
122 465 230 508 ambulent,
239 464 260 499 in
268 464 313 510 igne
322 464 412 499 volutans
421 476 441 499 se
450 476 488 499 non
496 466 566 510 uritur3
575 466 671 502 interdum
679 465 739 508 volat,
749 476 772 501 ex
780 465 828 511 lapi-

44 520 95 556 dibus
101 522 160 561 panes
167 509 224 554 facit3
233 520 312 556 serpens
320 509 349 553 fit,
358 510 379 544 in
390 521 466 556 capram
475 511 629 555 transformatur,
640 512 687 547 duas
696 511 757 546 facies
765 514 828 546 osten·

43 566 74 607 dit,
86 562 105 596 in
113 569 178 593 aurum
192 556 317 599 convertitur,
329 559 395 601 portas
407 555 494 591 occlusas
504 557 575 602 aperit,
587 558 657 593 ferrum
670 557 738 600 solvit,
751 557 771 592 in
785 568 828 592 con-

43 608 95 646 viviis
110 603 211 638 simulacra
224 600 327 636 formarum
341 601 463 647 omnigenum
478 602 565 647 exhibet,
581 603 630 639 facit
641 607 662 638 ut
677 604 696 638 in
712 603 767 638 domo
782 613 829 637 vasa

43 656 106 702 sponte
121 648 166 683 ferri
181 647 206 682 ad
217 646 345 681 ministerium
358 646 469 690 videantur,
484 660 520 683 nec
535 653 636 684 cernantur
649 649 682 695 qui
694 648 763 684 ferunt.
787 648 829 682 Ista

42 697 163 736 memorantes
178 691 258 727 audiens
270 691 357 727 mirabar.
382 691 514 728 Testabantur
527 697 591 729 autem
602 694 650 730 talia
665 706 685 736 se
698 694 771 730 vidisse
784 693 828 740 ipsi,

43 741 162 792 quiaclerant.
213 782 217 789 ·
238 782 242 790 Δ
340 771 341 774 ,
437 776 439 778 ,

83 783 175 822 XXXIV.
181 782 228 822 ,His
237 786 265 818 ita
274 783 373 827 enarratis,
382 783 436 818 venit
445 783 554 819 Zacchaeus
564 784 639 820 dicens:
648 784 690 821 Iam
697 796 755 829 nunc,
763 785 828 827 Petre,

43 841 112 880 tempus
122 834 161 874 est,
173 832 195 864 ut
207 839 263 864 exeas
275 828 300 864 ad
309 828 445 864 disserendum.
469 828 532 865 Multa
541 830 591 865 enim
598 831 655 866 turba
663 832 684 866 in
692 830 741 866 atrio
750 841 829 877 congre-

44 885 85 929 gata
94 876 176 923 operitur
184 878 214 918 te,
226 874 247 909 in
256 874 310 910 cuius
319 875 382 910 medio
390 878 483 922 tanquam
490 875 539 912 belli
547 876 585 911 dux
593 877 616 911 ab
626 877 693 912 eadem
698 876 798 923 protectus
807 887 829 911 ac

43 927 120 972 stipatus
130 921 218 958 constitit
227 920 297 956 Simon.
318 920 359 962 qia
368 920 434 957 audito
442 921 511 957 Petrus
520 922 612 957 orationis
623 923 687 969 gratia
698 921 789 957 secedere
798 933 828 956 me

43 970 104 1013 iussit,
116 967 148 1013 qui
161 966 245 1002 nondum
258 977 369 1012 acceperam
382 967 450 1002 salutis
461 967 566 1014 baptisma,
583 972 603 1003 et
615 968 653 1003 iam
664 967 757 1015 perfectis
769 967 827 1002 dixit:

44 1017 140 1063 surgamus
149 1016 207 1059 atque
216 1023 298 1056 cremuS,
307 1016 329 1047 ut
337 1012 391 1047 Deus
399 1025 433 1059 pro
443 1013 482 1047 suis
490 1012 589 1060 perpetuis
597 1013 753 1049 miserationibus
766 1014 828 1059 opitu-

43 1064 89 1098 letur
96 1058 151 1103 mihi,
163 1058 196 1105 qui
207 1058 279 1104 prodeo
290 1058 314 1093 ob
327 1058 408 1093 salutem
418 1058 516 1094 hominum
528 1070 575 1104 quos
585 1059 662 1094 creavit.
687 1058 761 1100 Quibus
771 1059 828 1094 dictis

43 1109 127 1152 iactaque
139 1104 234 1147 oratione,
249 1103 296 1139 exiit
307 1104 328 1139 in
339 1104 383 1139 atrii
396 1104 459 1140 locum
471 1104 580 1140 subdialem
591 1107 611 1139 et
619 1115 716 1150 magnum,
727 1114 764 1148 qno
773 1104 829 1139 multi

44 1154 166 1189 couvenerant
178 1148 269 1185 audiendi
282 1161 348 1194 causa,
362 1161 407 1185 nam
418 1150 460 1185 eius
474 1148 580 1196 disputatio
588 1149 671 1192 fecerat,
684 1153 706 1184 ut.
715 1149 829 1196 diligentius

43 1198 153 1234 festinarent
161 1195 186 1231 ad
194 1194 300 1231 audiendos
309 1195 350 1230 eius
359 1206 460 1231 sermones.
474 1193 531 1230 Stans
541 1205 586 1240 ergo
594 1205 712 1241 cernensque
720 1194 831 1230 universum

42 1243 129 1291 populum
146 1252 218 1276 summo
235 1253 278 1276 cum
294 1240 372 1276 silentio
389 1241 455 1276 oculos
472 1240 492 1276 in
506 1241 570 1286 ipsum
585 1240 680 1276 coniicere
694 1252 717 1276 ac
735 1240 830 1276 Simonem

42 1300 114 1335 magum
122 1286 144 1321 in
150 1286 234 1322 medium
244 1286 365 1330 collocatum,
375 1285 426 1322 hunc
436 1286 456 1321 in
464 1286 541 1321 modum
549 1286 602 1331 loqui
612 1285 684 1332 coepit:

0 1362 1 1365 ,
84 1331 165 1369 XXXV.
180 1332 222 1367 Pax
230 1333 255 1367 sit
264 1331 351 1367 omnibus
359 1331 421 1376 vobis,
431 1331 464 1378 qui
472 1331 535 1378 parati
544 1332 591 1367 estis
601 1331 689 1367 dexteras
699 1332 744 1367 dare
752 1331 830 1367 veritati

4 1393 5 1397 ¹
42 1379 83 1422 Dei,
93 1390 157 1424 quam,
168 1389 259 1424 magnum
265 1388 339 1423 'nempe
351 1389 373 1412 ac
384 1377 535 1423 incomparabile
548 1377 589 1412 eius
601 1389 669 1412 munus
678 1378 698 1412 in
706 1377 743 1412 hcc
752 1377 829 1420 mundo,

19 1439 21 1443 ·
42 1428 62 1460 ut
73 1423 194 1459 salutationis
208 1434 266 1459 causa
277 1422 332 1458 robis
345 1426 390 1458 ante
402 1434 499 1458 sermones
515 1423 614 1458 doctrinae
627 1422 765 1468 acclamemus,
776 1434 830 1469 prae-

43 1470 90 1516 cepit
101 1469 157 1505 nobis
170 1468 203 1515 qui
213 1469 267 1503 misit
277 1468 413 1504 nosdominus
424 1468 479 1504 Iesus
489 1468 585 1512 Christus,
598 1467 651 1503 filius
659 1467 698 1504 Dei
706 1468 756 1513 viri,
768 1480 804 1515 quo
814 1467 830 1502 si

43 1515 108 1561 aliquis
116 1515 166 1551 inter
174 1526 208 1550 vos
217 1514 243 1549 sit
250 1513 303 1549 filius
311 1514 375 1560 pacis,
387 1526 421 1560 per
430 1514 536 1550 doctrinam
544 1518 630 1550 nostram
637 1525 675 1560 pax
684 1514 830 1561 eum-complec-

6 1600 8 1603 f
42 1565 99 1606 tatur,
111 1562 128 1595 si
136 1561 179 1607 quis
187 1563 252 1606 autem
260 1563 345 1595 vestrum
353 1571 395 1595 eam
407 1560 495 1606 accipere
503 1560 562 1604 nolit,
571 1563 617 1595 tunc
626 1571 661 1595 nos
670 1571 750 1595 excusso
759 1560 828 1606 pedum

42 1610 144 1642 nostrorum
152 1606 230 1652 pulvere
239 1606 259 1641 in
267 1605 400 1648 testimonium
409 1606 434 1641 ad
442 1606 522 1641 aliorum
531 1606 596 1641 domos
603 1617 626 1640 ac
635 1605 725 1640 civitates
731 1605 828 1641 abeamus.

42 1650 68 1687 Ac
80 1663 123 1687 vere
137 1652 218 1687 dicimus
229 1652 294 1687 vobis:
307 1651 437 1687 Tolerabilius
450 1651 486 1686 erit
498 1652 518 1686 in
531 1651 562 1685 die
576 1650 644 1685 iudicii
656 1662 732 1686 manere
744 1650 764 1685 in
778 1654 829 1686 terra

3 1714 11 1733 ·,
43 1696 161 1733 Sodomorum
173 1700 193 1732 et
205 1696 331 1741 Gomon-hae,
345 1708 401 1742 quam
415 1697 435 1731 in
447 1696 490 1731 loco
504 1695 655 1731 incredulitatis:
670 1696 731 1742 primo
744 1696 828 1742 quidem,

2 1763 7 1786 3-
43 1743 84 1788 quia
92 1743 142 1789 quod
153 1741 224 1778 rationi
237 1741 335 1786 convenit,
345 1753 368 1777 ex
376 1741 431 1777 vobis
439 1753 478 1776 ncn
489 1741 623 1785 intellexistis3
638 1741 729 1785 secundo,
739 1742 829 1786 quoniam

0 1793 5 1832 j
42 1799 81 1823 cunr
95 1789 119 1823 de
132 1788 188 1824 nobis
204 1787 317 1830 audissetis,
331 1798 370 1822 non
383 1787 465 1822 venistis
478 1787 503 1822 ad
513 1798 557 1831 nos,
574 1786 641 1830 tertio,
657 1787 702 1833 quia
714 1786 773 1821 etiam
786 1798 828 1822 cum

0 1857 3 1858 ν
42 1834 167 1877 venissemus,
178 1832 234 1868 nobis
246 1844 284 1867 non
299 1832 414 1867 credidistis.
439 1832 501 1874 Quare
513 1831 647 1879 gratificantes
658 1832 714 1867 vobis
726 1832 777 1867 ultro
789 1843 829 1867 ora-

42 1890 89 1923 mus,
102 1882 123 1914 ut
132 1891 170 1924 pax
178 1881 244 1913 nostra
251 1877 318 1913 veniat
326 1885 383 1923 super
393 1889 432 1913 vos.
457 1876 478 1912 Si
486 1888 531 1925 ergo
541 1888 583 1912 eam
590 1877 662 1912 habere
673 1877 742 1921 vultis,
755 1880 830 1923 oportet

2 1940 4 1943 >
42 1935 73 1960 vos
81 1925 141 1960 alacri
149 1924 212 1960 animo
221 1934 317 1959 sermones
325 1934 378 1958 meos
387 1923 496 1959 ariscultare
505 1927 525 1959 et
534 1935 577 1958 cum
583 1922 727 1969 intelligentiae
734 1923 829 1967 calleatis,

6 1983 12 1996 ³
42 1968 109 2005 bonum
121 1969 233 2006 adamantes
244 1969 305 2004 vitam
316 1968 358 2004 Deo
370 1969 480 2015 placentem
493 1969 593 2015 amplecti,
609 1972 631 2003 ut
643 1969 676 2014 pia
686 1969 775 2014 iustaque
789 1969 830 2003 vita
870 2003 875 2010 ,,

0 2030 4 2058 j
42 2017 143 2059 transacta,
152 2018 238 2051 amantes
246 2015 311 2049 Deum
319 2018 339 2050 et
350 2014 374 2049 ab
383 2014 425 2060 ipso
434 2014 500 2059 amati,
509 2018 628 2050 aeterncrinn
636 2014 728 2049 bonorum
736 2013 829 2049 haeredes

0 2074 7 2105 j¹
43 2059 88 2095 sitis.
111 2060 164 2095 Illud
177 2060 228 2096 enim
240 2060 282 2107 ipse
295 2060 346 2095 solus
355 2059 436 2100 maxime
444 2063 510 2106 potest
518 2065 626 2106 praestare,
638 2060 671 2105 qui
679 2071 717 2094 non
726 2059 830 2094 existentia

0 2134 6 2144 ,
43 2105 66 2139 ad
74 2106 195 2141 existentiam
204 2105 290 2149 adduxit,
300 2106 374 2141 caelum
383 2106 464 2149 creavit,
476 2108 546 2141 terram
556 2105 658 2151 compegit,
667 2115 718 2139 mare
728 2105 829 2148 conclusit,

2 2180 4 2184 a
43 2160 88 2194 quae
97 2151 117 2186 in
125 2151 191 2187 inferis
201 2155 245 2186 sunt
252 2150 371 2194 recondidit,
386 2154 492 2196 cunctaque
500 2150 583 2196 replevit
591 2152 640 2184 aere.
664 2150 703 2184 Hic
712 2149 764 2184 solus
772 2161 830 2185 unam

43 2205 64 2230 ac
71 2197 150 2242 primam
160 2197 288 2232 substantiam
299 2207 338 2231 non
347 2196 462 2231 existentem
473 2196 494 2231 in
502 2195 624 2231 existentiam
632 2195 740 2241 producens
749 2195 829 2241 quadru-

2 2280 3 2283 ,
44 2240 118 2284 pliciter
127 2247 146 2277 et
155 2243 250 2278 contrarie
259 2241 363 2277 convertit:
377 2252 399 2276 ac
409 2241 478 2276 deinde
488 2240 613 2276 commiscens
621 2240 678 2276 mille
687 2240 732 2275 inde
740 2241 831 2286 produxit

43 2286 109 2331 mixta,
124 2299 161 2334 quo
176 2287 281 2323 contrarias
295 2286 316 2320 in
326 2289 405 2322 naturas
417 2289 502 2321 mutatae
516 2297 539 2321 ac
549 2285 655 2331 permixtae
667 2297 698 2321 res
713 2286 773 2321 vitam
788 2298 831 2322 cum

43 2378 177 2387 R-

4 2475 6 2479 ,
76 2436 212 2481 CapXXXHI.
240 2436 316 2482 1)τίνιι
331 2437 382 2469 Hom.
397 2436 420 2478 II,
451 2435 482 2469 ἐπὶ
495 2433 516 2469 τὸ
530 2431 622 2470 σπεύδειν
637 2436 671 2469 τοι]
682 2433 757 2471 ἀκούειν
769 2446 830 2471 σπου-

0 2484 2 2487 ”
44 2476 128 2528 dli-2)
137 2485 213 2518 πέτεται
223 2484 242 2516 0.
255 2478 308 2526 -3)
318 2483 420 2528 παρίστησι
450 2480 700 2527 διιιοτέρουςπεποιηκυίιις.

5 2615 6 2618 ¹
76 2573 115 2617 Cap.
131 2575 214 2608 XXXIV.
243 2571 262 2619 1)
285 2570 334 2607 οὕτω
357 2573 376 2604 0.
398 2590 421 2595 -
484 2571 524 2616 Cap.
541 2572 615 2605 XXXV.
643 2570 660 2613 l)
682 2569 787 2618 μαρτύριον
810 2574 830 2607 0.

44 2611 61 2658 2)
76 2616 105 2660 ἧκε
118 2620 137 2652 Or
153 2639 176 2643 —
192 2618 210 2665 3)
226 2617 250 2658 ὡς
263 2615 320 2666 μήπω
336 2613 420 2663 εἰληφότι
449 2618 509 2650 Matth.
522 2615 550 2659 10,
565 2615 586 2649 12
598 2628 634 2660 sqq.
653 2618 705 2650 Marc.
718 2615 737 2659 6,
749 2618 776 2652 11.
788 2619 830 2652 Luc.

43 2659 131 2707 Horrffl,
143 2664 171 2699 29.
184 2684 208 2690 -
220 2662 238 2707 4)
251 2664 272 2699 τὸ
285 2665 318 2697 dos.
331 2665 354 2697 in.
367 2664 386 2696 0.
397 2682 420 2687 -
450 2661 476 2705 10,
488 2662 504 2696 5.
515 2682 537 2686 —
552 2659 570 2707 2)
583 2663 635 2697 ἐστὶν
647 2663 668 2696 V.
685 2682 708 2686 ——
725 2661 744 2708 3)
762 2665 782 2698 ln
793 2665 830 2697 loco

4 2707 6 2711 ’
44 2702 61 2749 5)
73 2711 102 2743 acci
116 2711 150 2744 des.
166 2712 185 2744 in
196 2713 217 2745 V.
234 2730 258 2735 -
271 2707 289 2756 6)
302 2711 330 2744 Sic
340 2711 387 2743 locus
402 2710 420 2743 in
449 2720 485 2742 voc.
498 2708 621 2753 ἐνδιατρίβειν
636 2712 661 2742 est
672 2710 733 2742 lacuna
744 2711 763 2744 in
774 2712 794 2744 Ο.
808 2729 832 2733 -

44 2754 112 2797 utroque
119 2757 152 2790 ils.
160 2768 230 2790 mancus
236 2757 335 2790 reficiendus
343 2768 362 2789 ex
369 2756 419 2788 Hom.
449 2751 468 2800 4)
477 2751 564 2799 ἐνοήσατε
573 2755 594 2788 V.
606 2773 629 2778 -
640 2753 657 2794 5)
667 2752 688 2789 τὸ
697 2756 744 2789 deest
753 2758 772 2791 in
781 2758 800 2790 Ο.
809 2776 831 2780 -

44 2795 73 2840 ΠΙ,
82 2798 109 2842 29,
117 2803 148 2835 ubi
156 2807 189 2837 est:
203 2804 235 2846 τῆς
244 2803 354 2848 διακρίσεως
362 2799 421 2835 αὐτοῦ
450 2799 467 2843 ὅ)
477 2800 529 2835 ἔστιν
538 2801 557 2833 0.
566 2819 589 2824 —
597 2799 615 2843 Ἰ)
624 2797 677 2849 de.
686 2821 708 2825 -
717 2798 734 2840 8)
744 2804 789 2841 ἴσως
797 2800 830 2836 cii-

711 2871 727 2896 10
