1827 3065
345 96 449 130 nmmum
461 97 559 131 1111111.
806 87 848 129 231

59 204 106 238 rator
117 193 225 239 rescripsit,
238 197 324 240 oportere
337 206 379 230 eum
391 196 423 232 vel
432 197 540 233 consentire
550 194 687 240 sacrificando,
696 203 730 232 aut
738 196 789 233 ultra
798 209 849 233 mare

60 251 77 284 et
84 244 165 280 Pontmn
175 240 195 274 111
205 239 301 274 deserum
310 238 402 276 Chersoni
411 242 501 278 adiacens
512 243 604 290 oppidum
612 241 701 289 relegari.

102 329 209 367 CLXXIX.
242 328 326 376 Cumque
343 331 422 367 Traiani
438 332 511 368 iussum
530 333 568 368 fuit
588 331 732 376 confirmatum,
749 333 850 380 cogitabat

60 376 190 419 Mamertinus,
203 386 285 421 quonam
293 376 349 411 modo
358 376 446 412 Clemens
455 378 583 414 voluntarium
591 390 630 414 non
637 382 714 425 peteret
722 378 806 421 exilium,
816 379 851 414 sed

58 424 120 475 potius
133 421 171 456 diis
182 420 275 456 libamina
284 420 388 457 exhiberet.
411 422 482 458 Verum
492 424 561 459 beatus
573 423 663 460 Clemens
675 423 816 468 contendebat,
828 428 850 459 ut

59 470 116 518 ipsius
125 478 200 513 quoque
212 465 281 501 iudicis
292 467 377 519 animum
389 468 414 503 ad
425 467 482 504 fidem
497 468 568 505 Christi
578 470 683 506 adduceret
695 469 776 517 ipseque
787 475 850 506 osten-

60 518 118 557 deret,
134 524 155 548 se
167 513 239 559 eligere
251 512 330 547 exilium
341 513 403 560 magis
418 525 475 560 (quam
490 515 562 551 timere.
587 515 669 552 Tantam
684 516 751 563 itaque
766 516 850 562 gratiam

59 559 149 599 Dominus
159 556 255 594 Clementi
262 557 357 603 praebuit,
365 563 387 594 111
395 558 520 595 Mamertinus
529 561 638 606 praefectus
647 562 724 609 lugeret
733 573 756 597 ao
765 561 848 597 diceret:

59 610 115 648 Deus,
125 615 181 650 quem
189 607 211 638 tu
220 604 293 638 sincere
303 604 358 648 colis,
367 604 409 650 ipse
417 604 455 640 tibi
463 617 518 651 opem
526 607 575 642 feret
583 607 604 642 in
615 607 660 643 hocf
662 607 716 643 exilii
724 607 802 643 iudicio.
823 607 850 642 Et

60 649 158 690 constituit
165 659 234 685 navem
243 649 356 695 cunctisque
364 650 389 685 ad
396 661 452 685 usum
460 652 574 687 necessariis
583 652 688 699 impositis,
698 653 776 689 dimisit.
799 653 849 695 Quin

60 697 114 735 etiam
123 706 133 731 e
141 694 212 741 populo
220 694 308 730 homines
316 695 405 743 religiosi
413 695 490 742 quidem
500 697 556 732 multi
565 698 626 733 secuti
635 701 680 733 sunt
688 709 737 734 eum.

103 784 200 821 CLXXX.
224 785 265 821 Ubi
273 789 338 821 autem
345 791 473 831 pervenerunt
481 786 507 822 ad
515 787 568 823 exilii
576 788 649 833 locum,
658 789 679 823 in
687 800 744 835 opere
754 789 848 824 caedendi

59 831 153 869 marmoris
164 831 216 867 ultra
228 831 264 866 duo
279 831 341 866 millia
353 830 473 867 Christianos
487 832 529 868 illic
540 833 614 869 invenit
626 834 665 870 iam
680 834 713 869 diu
726 834 795 869 iudicii
806 845 849 869 sen-

60 877 118 914 tentia
131 877 273 912 condemnatos.
298 876 335 918 Qui
347 880 434 913 sanctum
442 881 462 914 et
473 878 568 914 celebrem
577 877 697 916 Clementem
705 879 773 915 intuiti
781 891 847 916 omnes

48 922 177 960 ‘concorditer
191 934 232 957 eum
250 922 325 969 gemitu
339 934 362 958 ac
376 923 424 958 fletu
437 923 552 960 accedentes
570 924 667 960 dixerunt:
689 923 727 962 Ora
740 937 774 971 pro
791 925 848 961 nobis

13 989 16 991 >
60 971 123 1005 sancte
139 967 236 1014 pontifex,
256 971 278 1003 ut
295 968 348 1015 digni
365 967 471 1005 efficiamur
486 969 613 1015 promissione
634 969 712 1007 Christi.
736 971 788 1013 eros
806 983 849 1007 cum

59 1012 180 1061 cognovisset
196 1016 274 1049 sanctus
290 1012 379 1049 Clemens
390 1017 467 1067 propter
477 1014 542 1050 Deum
553 1015 613 1051 fuisse
630 1015 741 1063 deportatos
754 1016 791 1051 ait:
804 1016 849 1053 Non

59 1060 91 1097 abs
101 1070 122 1095 re
134 1058 229 1094 Dominus
241 1070 271 1095 me
282 1059 320 1095 11110
327 1060 424 1105 perduxit,
440 1061 475 1096 sed
485 1064 508 1095 nt
517 1061 615 1107 particeps
628 1060 692 1096 factus
703 1062 850 1108 perpessionum

59 1108 164 1141 vestrarum
172 1105 231 1141 etiam
240 1105 376 1141 consolationis
386 1109 406 1141 et
413 1106 521 1152 patientiae
531 1107 638 1152 exemplum
646 1106 763 1152 praeberem.

103 1195 211 1232 CLXXXI.
234 1196 311 1232 Didicit
322 1199 385 1232 autem
397 1197 421 1232 ab
435 1196 473 1241 eis,
486 1196 538 1243 quod
547 1196 570 1231 de
580 1200 634 1232 sexto
641 1195 724 1232 miliario
733 1208 802 1243 aquam
811 1198 850 1233 suis

11 1257 15 1267 ⁴-
58 1242 139 1277 humeris
156 1242 283 1289 deportarent.
308 1241 415 1278 Confestim
430 1253 476 1289 ergo
492 1245 569 1278 sanctus
589 1240 679 1278 Clemens
695 1241 805 1278 cohortatus
821 1246 851 1278 est

10 1308 12 1311 ·
59 1288 101 1324 illos
111 1287 187 1325 dicens:
201 1286 279 1323 Oremus
289 1288 314 1324 ad
326 1287 423 1324 dominum
434 1291 520 1323 nostrum
528 1287 593 1323 Iesum
606 1286 708 1335 Christum,
718 1291 740 1323 111
748 1287 794 1324 fidei
803 1300 850 1325 suae

59 1333 199 1370 confessoribus
213 1345 282 1369 venam
297 1345 358 1380 aquae
370 1332 454 1378 aperiat,
469 1336 489 1369 et
501 1334 534 1380 qui
545 1333 642 1380 percussit
654 1337 729 1380 petram
740 1334 761 1369 in
773 1334 849 1370 deserto

10 1422 11 1425 Ἰ
59 1379 114 1415 Sinae
127 1384 146 1415 et
157 1379 253 1415 fluxerunt
267 1391 328 1425 aquae
340 1379 361 1414 in
372 1378 520 1423 abrmdantiam,
535 1379 576 1425 ipse
587 1379 643 1416 nobis
658 1379 757 1426 copiosum
768 1380 848 1416 laticem

8 1458 9 1461 ,
58 1426 158 1471 praebeat,
171 1437 207 1471 quo
220 1425 281 1472 ipsius
293 1424 450 1471 suppeditatione
462 1425 560 1461 laetemur,
584 1424 610 1460 Et
617 1436 662 1461 vero
672 1426 768 1472 completa
777 1426 849 1472 suppli-

59 1470 132 1507 catione
140 1471 186 1507 hinc
194 1471 287 1517 illincque
297 1470 432 1517 circumspexit
441 1474 460 1506 et
468 1470 518 1506 vidit
526 1482 597 1518 agnum
606 1474 699 1516 stantem,
721 1471 742 1506 111
750 1471 850 1507 dexterum

58 1517 125 1561 pedem
134 1517 207 1553 levavit
214 1520 305 1563 tanquam
315 1520 381 1551 saneto
392 1515 488 1552 Clementi
495 1517 559 1553 locum
568 1516 677 1553 ostendens
720 1528 758 1552 unc
771 1521 849 1553 sanctus

9 1570 10 1573 ’
59 1562 146 1598 Clemens
158 1566 250 1615 reputans
264 1562 368 1597 Dominum
383 1573 435 1606 esse,
447 1573 504 1608 quem
516 1562 568 1598 solus
579 1562 621 1609 ipse
636 1563 737 1609 conspexit
751 1567 770 1598 et
784 1563 849 1598 nullus

7 1649 8 1653 Ἰ
58 1608 133 1644 omnino
142 1609 202 1652 alius,
211 1608 237 1644 ad
244 1608 308 1643 locum
315 1607 413 1654 profectus
423 1611 453 1643 est
461 1619 483 1643 ac
493 1608 550 1642 dixit:
563 1607 586 1642 In
597 1608 673 1643 nomine
681 1607 742 1654 patris
755 1612 774 1643 et
783 1608 820 1643 filii
829 1612 848 1643 et

6 1692 8 1694 ¹
58 1654 135 1699 spiritus
148 1653 211 1690 saneti
221 1654 298 1699 pulsate
313 1654 334 1687 in
344 1653 381 1689 1100
392 1653 441 1689 1000.
466 1652 550 1698 Cumque
562 1664 627 1688 omnes
640 1653 738 1700 ligonibus
751 1653 771 1688 in
783 1653 848 1689 orbem

7 1730 8 1733 ,
58 1699 161 1744 fodissent,
170 1712 209 1735 non
217 1703 281 1734 autem
289 1698 353 1734 locum
363 1698 426 1744 ipsum
434 1698 454 1733 in
463 1710 500 1744 quo
509 1710 570 1745 agnus
580 1701 670 1742 steterat,
679 1701 758 1734 sanctus
767 1703 848 1745 accepto

57 1756 114 1792 parvo
129 1745 203 1782 sarculo
217 1744 280 1780 locum
294 1744 327 1790 qui
341 1747 382 1779 erat
396 1743 430 1779 sub
444 1743 494 1790 pede
509 1744 555 1791 agni
568 1744 665 1790 percussit
678 1744 718 1779 levi
732 1744 782 1788 ictu,
796 1745 848 1780 unde

57 1794 135 1836 repente
145 1791 188 1826 fons
199 1790 254 1825 renis
265 1789 417 1826 redundantibus
429 1789 554 1836 pulcerrimus
569 1789 656 1834 emersit,
671 1789 704 1836 qui
720 1801 763 1825 cum
774 1790 848 1836 impetu

58 1836 130 1872 effusus
145 1835 212 1872 effecit
228 1835 312 1870 fluvium.
337 1835 392 1871 Tunc
410 1838 489 1871 sauctus
508 1834 597 1871 Clemens
612 1835 688 1871 cunctis
705 1836 847 1872 exsultantibus

3 1914 6 1926 ,
59 1882 116 1918 dixit:
129 1882 223 1918 1100111110
231 1883 309 1927 turpatus
318 1882 421 1927 laetificant
428 1881 521 1916 cicitotcm
529 1881 572 1916 Dei.

104 1972 222 2009 CLXXXII.
246 1971 275 2008 Cb
287 1971 337 2008 hano
349 1971 409 2019 igitur
421 1971 491 2008 famam
504 1971 600 2008 concurrit
611 1975 653 2007 tota
661 1972 768 2019 provincia,
779 1973 849 2018 quique

58 2019 162 2055 veniebant
170 2019 195 2055 ad
204 2019 267 2054 sancti
275 2017 381 2053 Clementis
390 2017 503 2062 doctrinam,
513 2029 578 2053 omnes
585 2018 746 2053 convertebantrn·
752 2017 777 2053 ad
783 2018 850 2053 Domi-

59 2076 112 2109 num,
124 2065 172 2101 adeo
183 2068 205 2100 ut
217 2063 303 2110 quotidie
317 2063 419 2111 quingenti
430 2067 450 2099 et
462 2063 544 2110 amplius
551 2063 664 2107 recederent
672 2062 772 2109 baptizati.
796 2062 851 2098 Intra

59 2121 116 2145 unum
125 2114 189 2146 autem
197 2122 268 2145 annum
274 2109 338 2145 factae
348 2112 392 2144 sunt
398 2109 440 2144 illio
447 2121 458 2144 a
466 2108 557 2144 fidelibus
564 2108 688 2155 septuaginta
694 2108 778 2154 quinque
787 2109 850 2144 eccle-

60 2155 104 2200 siae,
115 2160 134 2191 et
143 2156 206 2192 omnia
214 2155 267 2191 idola
279 2155 378 2191 contracta
387 2158 437 2198 sunt,
450 2155 513 2190 omnia
521 2154 593 2200 templo
602 2152 756 2189 circumiacentis
764 2153 849 2201 regionis

60 2200 121 2237 11111110
130 2206 180 2246 sunt,
190 2213 256 2237 omnes
263 2201 304 2236 luci
311 2212 372 2246 usque
381 2200 406 2236 ad
414 2203 502 2236 trecenta
509 2199 602 2235 milliaria·
608 2198 628 2234 in
634 2198 715 2234 circrntu
722 2200 796 2236 concisi
805 2203 850 2235 sunt

60 2251 79 2281 et
87 2248 127 2284 solo
137 2248 220 2294 aequati.

105 2337 234 2374 CLXXXIII,
259 2336 308 2371 Tum
319 2336 379 2382 igitur
387 2336 483 2371 invidiosa
490 2335 574 2371 narratio
582 2335 671 2381 peruenit
679 2335 705 2371 ad
712 2335 849 2382 Imperatorem

60 2383 171 2429 Traianum,
190 2384 241 2430 qued
258 2383 298 2418 illic
313 2382 338 2418 ad
351 2381 510 2417 innumerabilem
526 2380 670 2417 multitudinem
687 2381 780 2417 adauctus
797 2385 850 2417 esset

60 2554 143 2594 3111111»
156 2559 177 2591 V.
190 2576 213 2581 —
224 2551 437 2603 41101111111011111101-
465 2550 484 2597 2)
493 2550 541 2598 μετὰ
553 2553 663 2599 στεναγμῶν
677 2551 805 2600 ὁμοθυμαδὸν
813 2555 849 2588 inv.

61 2614 90 2647 μῳ
100 2605 119 2637 0,
467 2599 486 2640 0,
495 2599 526 2631 nbi
532 2598 602 2631 subinde
611 2610 644 2631 om.
653 2599 683 2632 aul
693 2596 790 2644 ὀδυρμῶν.

62 2690 282 2784 ,31ff3p1n0t}ffiwlffil
299 2687 400 2739 {siusili
416 2689 438 2724 ‘li
466 2711 484 2753 a)
493 2666 650 2757 riiislffiiffil
659 2663 693 2746 cii
703 2669 850 2756 [1νὲῗῇᾗῶ

500 2781 540 2825 cap.
550 2780 653 2813 01111111,
679 2778 697 2825 1)
716 2782 747 2816 111
759 2781 848 2824 0110101-

95 2831 135 2875 Cup.
150 2831 236 2864 CLXXX.
260 2826 279 2874 1)
287 2825 379 2875 μακάριον
388 2829 407 2861 0.
417 2846 437 2851 -
469 2838 508 2873 (pov
516 2827 535 2860 V.
