1827 3065
42 139 85 182 266
251 150 548 187 rurusnnnmrouornrr.
559 149 630 183 oarrr.

89 252 112 287 In
120 251 215 296 uniuerso,
225 251 257 297 qui
263 251 303 297 jam
312 249 405 294 sequitur,
414 248 456 284 loco
466 248 490 284 de
499 248 512 284 J
513 248 554 284 ovis
563 248 699 285 concubitibus
707 247 788 284 maxime
797 253 834 287 tru-

42 296 111 332 batum
120 301 155 333 est.
167 298 197 332 En
204 296 278 338 verbis,
291 305 339 340 (quae
348 294 404 330 Hom.
412 294 437 339 V,
446 295 474 338 l‘l,
482 306 501 340 p,
511 294 549 336 141,
558 295 580 329 16
589 304 629 341 sqq.
640 294 704 340 posita
713 297 763 338 sunt,
772 293 833 332 hisce:

44 342 100 380 duone
116 347 181 380 τοίνυν
193 343 251 378 αὐτοῦ
264 342 298 376 τοῦ
315 339 396 387 μεγάλου
409 339 456 380 Διὸς
469 340 505 376 διὰ
518 339 560 385 τὴν
574 343 620 376 τῶν
632 339 734 385 ἀνοήτων
746 339 835 388 ἀνδρῶν

46 392 191 433 ζηλοτυπίαν
205 387 237 425 τὰς
251 385 283 421 διὰ
296 388 328 430 τῆς
339 385 505 435 μεταμορφώσεως
516 384 646 426 λανθανούσης
657 390 761 426 κοινωνίας,
769 397 794 421 ne
805 399 834 422 en-

45 433 163 480 spectaveris
176 431 261 478 quidem,
276 430 300 466 de
312 430 367 466 Jouis
379 443 422 466 cum
431 431 506 468 ,limone
520 430 624 477 concubitu
635 441 742 466 sermonem
750 429 835 469 futurum

45 490 98 523 esse,
109 478 169 513 multo
178 480 243 512 autem
250 475 322 520 minus,
335 477 452 512 mentionem
463 475 546 513 Veneris
557 475 638 512 vitiatae
649 475 744 521 injectum
751 475 781 519 iri,
791 487 834 522 qua-

45 536 87 560 cum
97 524 110 560 J
110 523 186 568 uppiter
197 522 273 558 omniuo
282 533 321 557 non
330 522 455 558 concubuerit
467 525 542 557 mutata
549 521 616 557 forma.
635 521 648 557 J
649 532 679 556 am
688 533 777 567 compara
786 532 834 567 quae

45 570 135 616 leguntur
144 567 164 602 in
171 566 274 614 Recognit.
282 566 307 612 X,
316 567 339 602 20
348 578 388 614 sqq.
402 567 422 603 C.
431 569 453 603 ΞΟ
462 567 511 603 lraec
524 567 597 614 scripta
608 567 738 612 reperiuntur:
751 566 835 610 „Hacte-

44 626 79 649 nus
88 612 144 648 anilis
153 612 255 660 gentilium
263 612 330 648 fabula
342 615 362 648 et
370 613 486 660 genealogia
498 612 623 659 processeritq
636 611 677 647 sine
690 610 729 647 fine
739 611 790 647 enim
798 617 834 660 est,

45 659 61 693 si
71 658 130 694 velim
140 669 205 693 omues
218 658 354 705 generationes
366 670 439 703 eorum,
454 670 501 704 quos
510 659 556 694 deos
565 657 675 705 appellant,
686 660 705 693 et
713 656 772 703 impia
780 662 836 704 gesta

44 702 137 750 proferre.
160 702 199 739 Sed
208 704 290 750 exempli
302 704 365 751 gratia
377 704 452 739 omissis
465 704 557 747 caeteris,
570 704 627 738 unius
639 713 695 748 quem
703 703 805 738 marimum
817 708 836 740 et

57 748 168 795 raecipuum
175 749 257 793 habeut,
267 760 361 795 quemque
370 749 383 785 J
384 760 438 785 ovem
446 749 552 793 nominant,
561 748 659 795 flagitiosa
667 752 724 795 gesta
731 747 835 793 replicabo.

43 762 101 830 llunc
111 795 161 829 eninr
172 794 247 830 coelum
260 794 327 830 dicunt
339 798 404 830 tenere
417 798 508 841 tanquam
520 795 602 830 caeteris
610 793 720 837 meliorem,
729 794 762 839 qui
771 794 836 830 statinr

44 843 66 874 ut
76 840 171 883 adoleuit,
184 851 269 875 sororem
279 840 385 886 propriam,
399 850 456 885 quam
466 839 563 875 ,lunonem
572 839 647 883 (fierint,
657 839 711 874 duxit
718 850 808 883 uxorem,
817 839 836 875 in

44 896 82 931 quo
91 885 158 929 utique
166 885 231 920 statim
238 884 261 919 fit
268 886 335 920 similis
343 885 420 931 pecudi.
433 884 484 920 June
490 884 599 921 Vulcanum
607 885 664 930 parit,
673 884 713 929 sed,
721 888 744 919 ut
750 884 835 930 tradrmt,

44 941 83 965 non
91 942 114 966 ex
122 930 171 966 Jove
181 933 300 977 conceptum.
313 930 342 965 Ex
353 929 394 976 ipso
403 934 469 966 auteur
476 929 553 971 issisti
562 929 687 972 tredeamtrr
696 930 770 977 genuit,
780 941 836 976 quam

45 986 137 1022 responso
151 979 242 1022 accepto,
256 976 308 1022 quod
319 976 352 1022 qui
364 987 387 1011 ex
399 987 422 1011 ea
429 978 544 1011 nasceretur
554 975 623 1010 fortior
633 975 675 1022 ipso
688 978 739 1011 esset
748 978 767 1011 et
775 987 836 1020 regno

45 1032 88 1056 eum
97 1021 210 1067 depelleret,
219 1032 318 1057 assumens
328 1021 386 1056 ctiam
393 1020 435 1067 ipse
445 1021 533 1065 devorat,
541 1024 561 1057 ct
569 1032 644 1056 rursunr
651 1021 720 1068 genuit
727 1020 750 1056 de
758 1022 836 1057 cerebro

45 1066 122 1112 quidem
134 1067 249 1110 Minervam,
265 1066 370 1102 defensore
382 1077 427 1102 vero
438 1065 536 1102 Liberum.
556 1066 604 1102 Post
614 1065 663 1102 haec
675 1065 779 1102 Thetidem
794 1077 837 1102 cum

45 1111 160 1158 adamasset,
169 1114 224 1159 ajunt
232 1111 368 1147 Prometheum
375 1112 514 1157 pronunciasse
523 1112 548 1156 ei,
559 1111 610 1157 quod
623 1111 639 1146 si
650 1111 786 1147 concubuisset
795 1123 837 1147 curn

46 1168 78 1203 ea,
90 1158 123 1203 qui
134 1169 158 1193 er
170 1169 193 1193 ea
202 1160 315 1193 nasceretur
327 1156 395 1192 fortior
407 1161 459 1193 essct
469 1161 531 1204 patre,
542 1161 561 1192 et
570 1157 593 1192 ob
602 1156 640 1193 hoc
648 1157 721 1193 veritus
733 1157 790 1193 Peleo
799 1157 837 1192 cui-

46 1202 91 1237 dam
104 1202 137 1238 dat
149 1214 190 1238 eam
200 1203 221 1237 in
232 1202 381 1247 inatrimcniunn
400 1202 469 1237 dehinc
479 1202 624 1249 Persephonae,
640 1213 689 1249 quae
701 1202 719 1238 ei
731 1214 754 1238 ex
766 1201 837 1239 Cerere

46 1247 111 1283 fuerat
125 1252 223 1294 suscepta,
238 1248 339 1290 miscetur,
354 1259 378 1283 ex
389 1258 427 1293 qua
438 1247 602 1295 Dionysiumtct)
615 1247 683 1295 genuit
695 1247 728 1293 qui
739 1259 751 1283 a
761 1247 837 1283 Titanis

47 1292 157 1340 discerptus
170 1297 205 1328 est.
219 1293 256 1329 Sed
269 1293 387 1339 recordatus,
395 1294 463 1339 iuquit,
471 1306 495 1330 ne
502 1293 553 1329 ferte
561 1296 617 1340 pater
626 1304 671 1328 suus
679 1292 772 1328 Saturnus
779 1293 838 1329 alium

46 1337 108 1374 filium
122 1342 232 1386 generaret,
247 1338 280 1384 qui
294 1338 352 1374 etiam
365 1350 386 1374 se
401 1339 470 1374 fortior
483 1343 597 1375 nasceretur
609 1349 708 1385 regnoque
723 1338 837 1385 depelleret,

46 1395 158 1431 oppugnare
173 1384 286 1432 adgreditur
301 1388 375 1430 patrem
388 1395 426 1419 una
440 1396 483 1419 cum
497 1384 589 1420 fratribus
607 1385 649 1430 ejus
665 1384 751 1429 Titanis3
769 1383 838 1430 quibus

46 1430 155 1476 oppressis,
167 1429 192 1465 ad
199 1429 288 1465 ultimum
301 1429 360 1464 etiam
370 1432 445 1475 patrem
452 1430 473 1464 in
480 1430 559 1465 uincula
567 1430 658 1475 conjecit,
669 1429 786 1475 desectaqne
795 1429 836 1464 eius

56 1475 142 1510 ‘enitalia
156 1475 176 1510 in
189 1486 240 1511 mare
251 1474 339 1521 projecit.
358 1473 397 1510 Sed
405 1486 459 1510 cruor
467 1475 500 1521 qui
509 1475 589 1510 defluxit
601 1485 624 1510 ex
634 1475 723 1519 vulnere,
735 1478 837 1521 susceptus

46 1486 138 1555 ductibus
147 1526 167 1556 et
177 1519 275 1567 frequenti
286 1519 387 1560 collisione
398 1520 419 1555 in
431 1532 517 1566 spumam
524 1531 599 1563 versuo,
611 1520 720 1566 procreavit
729 1531 771 1555 eam
780 1531 836 1566 quam

47 1566 115 1601 dicunt
122 1564 250 1612 Aplrroditen,
259 1577 353 1611 quamque
361 1566 413 1612 apim
420 1576 455 1600 nos
463 1565 558 1601 Venerem
566 1566 670 1612 appellant.
689 1565 719 1601 En
726 1566 784 1611 hujus
794 1577 837 1601 con-

47 1611 115 1647 cubitu
126 1622 175 1657 qnae
183 1615 225 1646 erat
231 1611 299 1657 ntique
308 1622 368 1655 soror,
379 1611 430 1646 hunc
438 1611 502 1657 ipsum
510 1612 578 1647 Jovem
586 1611 650 1646 ferunt
658 1611 749 1657 genuisse
758 1610 837 1657 Cyprin,

46 1667 70 1692 er
86 1668 124 1703 qua
140 1657 196 1702 ajunt
212 1660 232 1692 et
250 1655 365 1703 Cupidinem
384 1657 469 1692 natum“
492 1656 540 1692 Post
558 1656 606 1692 haec
623 1655 643 1691 (l.
657 1658 679 1691 21
690 1656 724 1696 ,ita
742 1657 838 1704 pergitrn':

47 1701 114 1748 „Haec
122 1702 200 1748 quidem
209 1702 232 1738 de
240 1702 321 1738 incestis
330 1702 381 1746 eius,
393 1701 439 1737 audi
450 1713 501 1737 nunc
510 1705 529 1737 et
538 1701 561 1738 de
573 1701 695 1747 adulteriis,“
707 1705 765 1748 atque
777 1701 838 1748 profe-

45 1751 113 1783 runtur
121 1747 203 1794 plurima
212 1747 307 1794 exempla,
315 1747 390 1783 diversa
396 1748 420 1783 ab
428 1747 459 1791 iis,
468 1759 516 1794 quae
523 1747 579 1783 Hom.
586 1747 610 1791 V,
619 1749 639 1783 13
645 1747 748 1793 habentur,
757 1751 837 1795 excepto

45 1805 84 1829 uno
97 1792 167 1829 hocce:
190 1792 285 1838 „Callisto
298 1792 396 1839 Lycaonis
413 1793 491 1837 (vitiat),
509 1804 533 1828 er
550 1804 586 1839 quo
600 1791 761 1829 nascitur-Oreas
776 1793 838 1841 (sic)“¹

46 1838 136 1884 Denique
146 1837 166 1874 C.
174 1840 197 1873 22
208 1838 257 1874 haec
269 1839 342 1885 scripta
351 1839 483 1885 reperiuntur:
499 1837 550 1883 „Sed
562 1842 582 1873 et
593 1838 632 1874 alia
645 1842 690 1874 sunt
700 1838 784 1885 piurima
796 1840 838 1885 ejus

47 1883 148 1927 adulteria,
157 1895 180 1919 er
188 1884 257 1930 quibus
265 1895 301 1919 nee
309 1884 421 1931 progeniem
430 1884 521 1931 suscepit,
530 1895 579 1930 quae
586 1894 697 1919 enumerare
704 1883 752 1919 satis
759 1884 839 1931 longum

22 1968 24 1971 Α
48 1933 84 1965 est.
97 1928 169 1964 Verum
178 1940 201 1964 ex
208 1929 238 1963 his
247 1929 333 1964 omnibus
342 1940 389 1975 quas
398 1929 560 1973 enumeravimus,
572 1929 675 1965 nonnullas
683 1929 838 1973 transformatus,

47 1977 115 2021 utpote
123 1985 192 2021 magus
200 1974 282 2009 vitiavit,
300 1974 390 2019 Denique
401 1973 500 2021 Antiopen
508 1974 583 2021 Myctei
591 1975 634 2021 (sic)
642 1986 709 2011 uersus
719 1975 740 2010 in
749 1973 839 2021 Satyrum

48 2020 150 2066 corrupit,“
160 2024 179 2055 et
191 2019 272 2055 subinde
283 2019 357 2065 reliqua
368 2023 492 2055 recensentur
500 2021 595 2066 exempla,
605 2031 653 2066 quae
661 2020 717 2056 Hom.
726 2019 750 2065 V,
758 2020 781 2056 13
790 2023 809 2056 et
817 2019 840 2055 14

47 2068 223 2110 commemorantem,
237 2064 276 2099 nisi
292 2064 344 2110 quod
356 2076 416 2099 unum
434 2076 505 2100 novum
522 2065 600 2100 additur
617 2065 648 2100 his
661 2065 734 2111 verbis,
750 2069 795 2118 post
811 2076 839 2110 ea,

47 2110 116 2157 quibus
129 2111 153 2146 de
165 2110 242 2158 Aegina
254 2110 327 2156 agitur,
335 2109 414 2155 positis:
432 2109 484 2154 „Sed
496 2113 516 2145 et
528 2109 661 2155 Ganymedem
671 2109 767 2156 Dardam,
779 2114 840 2146 muta-

46 2160 78 2192 tus
97 2155 221 2192 nihilomiuus
236 2155 257 2191 in
275 2155 365 2202 aquilam,
380 2155 502 2203 stuprat“,†)
526 2154 638 2191 Callistonis
660 2159 725 2191 autem
747 2156 802 2192 nulla
817 2155 840 2191 fit

93 2293 108 2335 *l
121 2295 150 2326 Sic
157 2295 266 2326 scribendum
278 2305 318 2335 pro:
330 2293 406 2336 ,‚‹Jove“.
423 2296 529 2326 Nominativi
537 2296 592 2327 forma
603 2293 677 2336 „sevir‘
685 2305 719 2327 non
728 2297 784 2327 solum
793 2296 839 2335 apud

48 2341 153 2372 vetustiores
165 2341 258 2380 scriptores
271 2343 288 2371 et
300 2344 368 2380 poetas,
379 2341 410 2372 sed
425 2341 477 2371 etiarn
491 2341 537 2380 apud
548 2352 605 2372 rerum
616 2342 730 2381 mythicarum
746 2342 840 2381 scriptores

47 2387 139 2426 reperitur,
152 2386 181 2416 cfr.
194 2386 258 2425 Hygin.
270 2386 313 2417 rab.
326 2387 366 2417 L1V
377 2390 394 2417 et
405 2386 486 2427 scriptor.
496 2387 535 2419 Iter.
547 2387 616 2427 mythic.
630 2388 660 2417 lat.
675 2390 696 2417 tr.
708 2387 773 2418 Romae
785 2395 840 2426 nuper

48 2435 118 2472 repert,
127 2441 143 2470 p.
153 2432 192 2468 152,
203 2431 224 2461 25
234 2434 275 2470 etp.
283 2433 321 2472 164,
331 2433 352 2462 34
361 2432 388 2463 ed.
396 2432 440 2462 Bod.

86 2475 109 2515 **)
117 2477 151 2507 Vix
159 2480 238 2519 cpnsest
245 2486 319 2515 monere,
329 2478 407 2509 Rufinum
415 2477 503 2509 nominare
511 2477 591 2509 debuisse
600 2477 675 2518 Metiri,
684 2477 718 2509 nisi
726 2477 771 2509 forte
778 2487 841 2509 revera

49 2524 87 2563 ipse
96 2523 199 2563 scripserat:
207 2523 238 2553 Me
245 2523 275 2553 tid
282 2533 317 2553 em.

79 2566 112 2607 *Vl
125 2569 154 2600 Sic
162 2569 222 2599 Rufino
231 2569 278 2599 audit
287 2570 338 2599 etiam
347 2569 422 2601 Semeles
431 2569 476 2599 filius
486 2567 504 2599 C.
513 2569 534 2599 22
544 2572 691 2600 commemoratus,

94 2610 110 2655 ἢ)
122 2615 160 2644 Non
170 2614 244 2652 dubium,
254 2615 295 2654 quin
302 2616 345 2646 haec
353 2614 407 2646 verba
416 2615 471 2645 serius
480 2615 548 2645 demum
556 2615 616 2645 addita
624 2615 664 2645 sint.
683 2614 768 2645 Videntur
777 2624 798 2645 ea
805 2614 840 2654 pri-

49 2660 99 2690 mitus
108 2659 130 2690 ad
138 2660 233 2699 marginem
241 2660 294 2691 fuisse
302 2661 389 2692 adnotata.
401 2660 479 2691 Rufinum
488 2664 545 2691 autern
552 2661 585 2691 hcc
593 2661 631 2691 1οοο
638 2660 696 2700 posita
704 2660 747 2691 adeo
758 2660 841 2691 duxerunt

49 2706 67 2735 in
75 2714 159 2744 errorem,
170 2707 189 2736 nt
196 2705 214 2737 Γ
214 2702 303 2748 ανυμήοην
311 2707 392 2737 feminam
401 2715 438 2737 esse
446 2708 520 2745 putaret.
534 2705 584 2737 Certe
593 2709 629 2736 toto
638 2706 686 2736 coelo
695 2708 769 2743 erraret,
779 2706 794 2736 si
803 2705 840 2745 quis

49 2760 70 2781 ex
78 2750 104 2779 hie
117 2751 174 2781 verbis
186 2751 262 2790 speciem
272 2752 347 2791 aliquam
360 2751 447 2782 conciliari
458 2760 508 2790 posse
521 2756 599 2782 censeret
608 2751 716 2790 conjecturae
725 2761 735 2781 a
743 2751 780 2782 viro
789 2751 840 2781 docto

49 2794 128 2826 Panofka
139 2798 237 2834 propositae
248 2797 266 2827 in
279 2797 399 2828 dissertatione
411 2796 432 2827 de
440 2797 484 2827 Jove
494 2799 511 2827 et
519 2797 584 2834 Aegina
594 2796 644 2827 Actis
652 2795 705 2827 Acad.
718 2797 787 2829 Boruss.
796 2805 840 2826 anno

48 2839 204 2874 MDGOGXXXVI
218 2841 268 2873 editis
282 2843 356 2879 inserta,
369 2851 402 2881 qua
417 2840 533 2881 Ganymedem
548 2850 558 2871 a
573 2841 655 2873 Phliasiis
670 2841 733 2873 cultam
748 2841 841 2874 secundum
