1827 3065
206 126 237 158 lo
246 125 379 160 oannnrrrs
387 127 438 160 rou
453 127 516 164 ocra
524 127 577 160 rna.
585 126 706 161 normias.
809 114 851 158 251

63 228 144 269 Dionem
153 223 252 271 Chrysost,
260 224 285 268 V,
294 225 322 270 83,
331 225 365 262 ubi
373 229 441 273 βραχέα
449 230 479 263 καὶ
488 226 594 265 διθάλαττα
601 230 632 264 καὶ
640 230 710 263 ταινίαι
718 228 788 274 μακραὶ
796 229 823 274 με’
834 240 853 269 ρι

62 274 132 314 πολλοῦ
140 270 239 315 διήκουσαι
247 277 425 316 commemorantur,
436 272 548 315 διθάλαττα,
557 276 579 308 ut
588 273 630 319 jam
639 271 766 307 Casaubonus
774 270 818 307 Vol.
837 271 853 316 Ι,

75 317 120 356 ,451
129 316 239 360 adnotavit,
253 319 297 351 sunt
309 328 391 361 „arenae
404 317 575 366 cumuliingentes
586 317 667 354 efrrndo
678 316 737 353 maris
746 328 769 352 su
783 327 803 352 er
811 318 854 364 ejus

63 360 181 411 superficiem
193 372 214 396 se
225 361 358 398 attollentes“.
383 361 476 399 Similiter
486 363 506 398 in
516 362 573 399 Actis
584 362 721 410 Apostolorum
733 361 773 397 XX
802 362 818 407 l,
830 361 853 399 41

63 407 177 448 ὃνθόλασοος
185 406 245 447 τόπος
253 410 283 442 est
292 407 346 443 locus
355 408 375 443 in
383 408 431 443 mari
438 408 529 452 eminens,
538 409 564 446 ad
569 409 625 445 littus
633 409 688 445 situs.
700 407 742 444 Fac
749 407 854 445 dictionem

64 453 179 493 διθύλασσος
187 452 247 493 τόπος
258 464 269 488 a
281 452 374 499 scriptore
386 452 513 489 Homiliarum
524 454 560 490 hoc
573 455 640 490 eodem
653 453 768 502 significatu
778 452 853 490 adhibi-

63 507 100 537 tam
112 509 163 542 esse,
180 497 226 543 quid
240 496 275 533 fiet
289 497 313 533 de
326 498 411 534 dictione
425 498 525 548 θηριώδεις
537 500 606 536 τόποιὲ
621 500 785 547 Interpretantur:
799 498 855 544 „iera

62 546 122 583 loca“.
139 542 166 578 At
175 543 226 578 enim
233 555 279 579 vero
287 543 330 589 quis
338 556 376 579 non
384 543 459 588 videat,
467 543 517 580 hanc
526 545 704 592 interpretationem
711 557 751 582 non
759 545 853 592 quadrare

62 591 86 629 ad
97 589 213 625 sententiam
221 589 307 624 universi
315 589 420 632 enuntiati,
435 589 452 623 si
466 589 520 633 „fera
528 591 584 626 loca“
597 591 636 627 alia
649 602 691 627 esse
706 594 781 627 statuas
796 602 854 637 quam

63 637 117 683 „loca
129 634 220 678 vadosas
238 633 310 681 frigere
325 637 389 670 autem
404 634 541 681 maximopere,
555 636 572 670 si
589 636 656 672 eadem
671 637 720 673 velis
735 647 784 673 esse.
809 637 854 674 dam

64 680 151 728 equidem
160 679 239 715 dubium
247 691 286 716 non
295 690 337 715 esse
346 681 419 726 opinor,
428 679 475 726 quin
481 681 562 727 scriptor
571 681 594 717 de
602 693 641 717 una
647 682 751 729 eademque
759 693 780 719 re
786 682 853 730 loqua-

63 733 96 763 tur.
107 724 135 761 Ut
143 724 198 761 brevi
207 724 280 768 dicam,
292 725 343 771 quod
354 725 425 762 sentio:
439 737 474 772 pro
487 726 586 772 θηριώδεις
597 727 719 763 scribendum
727 731 765 763 est:
780 727 853 765 θινώ-

63 776 84 810 ar
90 787 115 812 υς,
134 770 190 806 Haec
198 774 262 806 autem
271 770 327 807 huius
335 771 375 807 loci
382 771 515 817 interpretatio
524 776 582 817 atque
591 772 699 808 emendatio
708 784 764 819 quam
773 773 819 809 sita
832 776 854 809 ta

63 818 86 855 ad
94 815 224 861 sententiam,
231 819 309 862 sponte,
318 816 395 863 opinor,
407 820 491 864 apparet.
504 839 526 844 -
539 817 563 854 V.
572 818 593 851 11
603 817 735 865 Schwegierus
742 819 785 865 jure
793 830 805 854 ο
821 829 853 854 en-

63 864 116 899 derat
124 862 145 897 in
152 872 199 897 voce
207 860 272 909 μόνος.
296 862 349 907 darn,
362 874 420 909 quum
432 862 474 898 cod.
486 860 502 897 Ο
512 866 558 909 post
569 863 660 911 ἁμαρτίας
670 862 772 910 praebeat:
788 867 853 907 αἰτίας,

64 907 184 944 scribendum
191 918 234 943 esse
241 907 339 944 existimo:
352 908 428 956 γνώμας
434 907 467 949 τὰς
472 908 564 957 ἁμαρτίας
569 913 634 951 αἰτίας,
644 908 755 953 „sentiendi
760 909 853 952 rationes,

63 964 110 1000 quae
118 955 241 998 peccatorum
249 964 329 989 caussae
338 956 401 989 sunt“.
412 974 435 980 -
446 952 469 989 V.
479 953 501 989 13
510 965 571 1000 aeque
579 957 637 1000 atque
641 954 711 1002 ,paullo
720 954 770 991 infra
777 967 796 1002 p.
805 954 834 999 21,
842 954 854 989 5

63 998 101 1035 reci
116 997 174 1033 ienda
182 1002 223 1033 erat
231 998 272 1034 cod.
282 997 303 1034 Ο.
312 999 415 1046 scriptura:
428 997 487 1047 ούρια.

102 1011 128 1079 δ).
136 1043 165 1088 21,
174 1044 197 1078 10
207 1055 246 1079 non
257 1043 319 1080 minus
331 1055 387 1091 quam
396 1057 413 1080 v.
426 1045 448 1079 12
460 1044 588 1091 pracferenda
596 1048 637 1081 erat
645 1045 687 1081 cod.
697 1043 712 1080 0
725 1045 820 1092 scriptura
828 1044 853 1089 ei,

64 1100 120 1137 quam
127 1088 209 1135 praebet
217 1089 258 1125 cod.
267 1087 288 1124 C.

106 1134 127 1169 P.
135 1133 164 1178 22,
176 1134 187 1169 9
199 1134 220 1169 in
231 1134 305 1171 verbis:
319 1139 350 1172 καὶ
361 1135 388 1176 ιὰ,
400 1134 490 1171 mendum
498 1135 562 1170 inesse
572 1134 672 1179 existim0,
684 1146 707 1171 eo
719 1135 792 1182 magis,
804 1136 855 1181 quod

63 1181 103 1216 cod.
113 1178 128 1214 0
137 1191 171 1226 pro
180 1179 202 1216 τὰ
210 1181 299 1227 praebet:
309 1180 347 1226 τὴν.
371 1179 454 1217 Videtur
462 1183 527 1215 autem
535 1181 628 1226 scriptum
636 1179 706 1216 fuisse:
716 1186 748 1216 ιιιιί
755 1194 811 1218 τινα.

106 1225 128 1260 P.
137 1224 166 1269 23,
175 1226 197 1260 10
206 1225 322 1273 scripserim:
335 1229 406 1273 με’νετ.
417 1246 441 1252 -
453 1225 477 1262 V.
489 1226 512 1260 16
524 1236 565 1271 sqq.
577 1225 700 1262 scribendum
710 1225 796 1261 videtur:
811 1226 856 1267 ιἰξιιό

63 1283 83 1308 σε
97 1272 130 1306 ἐπὶ
141 1269 220 1308 πόντων
231 1286 270 1321 μου
283 1275 321 1308 τιόν
332 1270 473 1320 συμπαρόντων
485 1271 583 1318 ἀδελφῶν,
601 1270 675 1307 ὁπόταν
690 1273 724 1307 τοῦ
736 1273 819 1308 ἐνταῦθα
832 1292 856 1296 -

0 1343 1 1357 1
62 1314 160 1356 ἀπαλλάξω
168 1320 220 1362 βίου,
232 1315 309 1353 πάντα
321 1316 346 1353 τότ
358 1321 413 1362 περὶ
425 1317 446 1353 σὲ
452 1315 531 1362 Ἰακώβῳ
539 1337 563 1341 -
572 1318 681 1364 διαπέμψαι
693 1318 713 1353 ἓν
721 1318 805 1366 ἐπιτομῇ
812 1317 855 1352 ἀνα-

62 1359 185 1411 γραφόμενον
194 1364 240 1396 cett.
263 1360 385 1397 Vocabulum
394 1361 454 1404 ὅπως,
467 1361 519 1408 quod
526 1361 547 1397 in
554 1360 610 1398 libris
618 1373 673 1397 mscr.
683 1364 766 1398 estante
776 1361 855 1402 anesca

63 1419 73 1443 e
80 1406 147 1464 primis
155 1405 213 1453 hujus
219 1407 274 1443 verbi
281 1406 363 1453 syllabis
372 1418 433 1444 errore
441 1406 472 1443 bis
483 1407 521 1443 scri
535 1406 560 1442 tis
568 1406 646 1443 videtur
651 1410 713 1443 ortum
721 1417 770 1443 esse.
781 1406 856 1443 Vocem

62 1466 124 1491 ποντα
135 1451 208 1510 sumpsi
219 1463 243 1488 ex
253 1452 306 1499 Epit.
318 1452 387 1500 prioris
400 1451 421 1489 U.
434 1419 535 1499 exuuii,
549 1456 662 1500 sequentes:
677 1453 699 1489 τὰ
712 1456 765 1501 περὶ,
778 1452 856 1500 flagitat

62 1508 166 1546 pronomen
175 1509 200 1534 σε.

107 1543 128 1579 Ρ.
141 1541 170 1586 24,
183 1542 194 1577 8
205 1542 252 1579 ferri
262 1554 319 1590 posse
330 1543 407 1579 videtur
421 1543 540 1590 adjectivum
552 1543 631 1586 πλύνας,
647 1542 681 1589 „in
695 1553 777 1579 errorem
788 1543 815 1578 im
829 1542 855 1578 el-

63 1589 124 1626 iens“.
133 1609 156 1615 —-
164 1588 187 1624 V.
197 1588 219 1623 13
226 1588 306 1625 tolerari
313 1589 390 1625 omnino
398 1589 466 1636 nequit
475 1589 529 1625 codd.
539 1589 643 1636 scriptura:
656 1588 793 1637 ἐπιγράψαντα,
837 1588 855 1624 el

64 1635 91 1671 sic
99 1638 165 1670 tamen
174 1634 253 1670 dubium
261 1638 297 1678 est,
306 1646 352 1669 num
360 1635 464 1682 genuinam
473 1634 571 1681 scriptoris
579 1646 656 1671 manum
663 1634 777 1678 restituerit,
786 1633 854 1679 siquis

64 1680 84 1716 in
93 1692 114 1716 eo
123 1679 248 1725 acquieverit,
256 1684 278 1715 ut
286 1680 390 1715 lectionem
397 1679 505 1727 ἐπιγράψας
512 1683 598 1715 assumat
606 1691 616 1715 e
625 1680 667 1715 cod.
675 1679 723 1727 Reg.
732 1678 768 1715 804
774 1682 794 1715 et
801 1678 854 1724 Epit.

7 1740 10 1759 z
64 1725 131 1773 prioris
145 1726 165 1762 C.
175 1724 273 1770 CXLVII,
283 1736 340 1771 quum
350 1736 389 1760 non
400 1725 458 1761 facile
468 1725 493 1759 sit
504 1725 529 1761 ad
540 1724 699 1772 intelligendum,
714 1724 809 1771 quomodo
820 1725 856 1761 illa

8 1810 10 1813 p
65 1772 158 1818 scriptura
166 1782 190 1806 ex
197 1770 233 1806 hac
242 1770 286 1805 oriri
293 1770 384 1816 potnerit.
407 1770 490 1807 Videtur
497 1770 558 1817 igitur
566 1770 658 1817 scriptum
666 1770 735 1806 fuisse:
748 1769 856 1819 ἐπιγράψας

65 1817 127 1858 τάδε,
136 1817 174 1860 vel,
195 1815 234 1852 uod
242 1827 286 1851 vero
296 1815 355 1851 etiam
363 1815 454 1860 similius:
463 1818 540 1852 ταῦτα,

107 1861 128 1897 Ρ.
141 1862 170 1907 25,
181 1826 196 1896 i
206 1872 233 1907 sq.
246 1860 368 1897 scribendum
382 1861 457 1908 opinor:
474 1861 530 1898 κατὰ
543 1861 585 1909 (pro
597 1861 635 1914 καὶ)
651 1861 684 1914 τὴν
696 1860 773 1914 πρώτην
781 1861 856 1907 ἠλικίαν

65 1907 169 1956 σωφρόνως
181 1908 233 1954 ζῆσαι
244 1906 356 1960 δεδύνημαι,
369 1918 484 1953 quamquam
493 1906 630 1960 praeterlEprt.
642 1918 724 1960 prrcrem
732 1910 792 1943 etiam
800 1907 857 1944 codd.

63 1953 196 1990 Tisehenoon.
209 1955 229 1989 et
240 1952 295 1989 codd.
308 1953 359 1999 Epit.
373 1953 407 1988 Dr.
422 1964 456 1999 pro
470 1951 529 1988 verbo
542 1952 598 1988 finito
612 1956 736 2000 partrcrprum
750 1952 855 1999 praebent3

6 2026 7 2029 ,
64 1999 149 2036 scilicet:
168 2001 261 2044 δυνηθείς.
275 2019 298 2025 -
313 1998 397 2036 Subinde
415 1997 538 2034 scribendum
554 2002 605 2035 erat:
624 1998 779 2044 απασχολούσης,
798 1998 856 2035 sicuti

64 2056 120 2092 supra
128 2058 145 2092 p.
155 2044 183 2090 14,
192 2044 203 2080 6
212 2055 235 2080 er
247 2044 288 2080 cod.
300 2043 322 2080 Ο,
333 2047 386 2080 recte
396 2047 495 2090 receptum
507 2047 546 2079 est:
561 2044 734 2090 ιἰπασχοιὶείτωσαν.
757 2043 819 2089 Illud,
834 2048 857 2081 ut

64 2090 102 2133 iam
109 2091 173 2135 video,
181 2101 248 2126 revera
256 2093 349 2126 testatum
355 2089 455 2136 reperitur,
463 2089 496 2124 cfr.
502 2088 555 2135 Epit.
562 2089 663 2142 utriusque
670 2087 691 2126 G.
697 2088 708 2124 l
714 2100 757 2124 cum
763 2089 828 2125 adnot.
833 2111 856 2117 -

62 2126 86 2172 V.
95 2136 106 2171 9
114 2136 226 2183 recipienda
234 2139 284 2180 erat,
297 2136 314 2171 si
322 2136 368 2182 quid
375 2134 440 2177 video,
453 2133 571 2181 SchwegIerr
583 2135 704 2181 conjectura:
717 2134 821 2180 παντως,
836 2136 857 2171 in

64 2193 120 2228 quam
127 2193 165 2230 ‘ego
174 2192 250 2229 quoqne
263 2181 373 2218 incideram.
384 2201 408 2207 -—
420 2180 444 2217 V.
453 2180 475 2215 12
486 2179 607 2216 admittenda
618 2191 657 2216 non
667 2183 711 2231 erat
723 2179 764 2217 cod.
777 2179 798 2216 0.
811 2180 857 2216 scri·

64 2230 120 2273 ptura
128 2229 175 2268 ἔτος.
186 2248 208 2253 -
219 2227 242 2263 V.
253 2227 275 2262 13
283 2226 414 2263 scribendum:
426 2225 437 2270 ἢ
448 2229 486 2267 καὶ,
499 2236 555 2272 quam
563 2225 626 2271 ipsam
634 2229 749 2272 scripturam
756 2226 857 2274 porrigunt

1 2275 5 2306 'J
55 2273 118 2314 codd.
127 2272 261 2309 Tischcndorf.
270 2276 290 2308 et
299 2273 354 2309 codd.
361 2272 413 2318 Epit.
421 2271 456 2307 Dr.
479 2271 540 2307 Posse
554 2274 576 2306 nt
589 2270 638 2306 haec
650 2270 710 2307 verba
722 2271 857 2320 ininterroga-

0 2316 4 2353 Ῐ
64 2318 117 2355 tione
125 2318 189 2366 posita
198 2322 269 2362 essent,
277 2318 416 2354 intellexerunt
423 2316 537 2353 Dunckerus
546 2319 566 2352 et
573 2315 699 2352 Uhlhornius.

110 2364 132 2400 P.
144 2364 177 2408 26,
186 2364 197 2400 3
205 2367 292 2410 praestat
300 2364 342 2400 ood.
351 2362 371 2400 D.
380 2363 482 2410 scriptura:
491 2362 568 2406 ἀγαθῆς.
574 2361 626 2398 -V.
636 2363 658 2397 12
670 2373 697 2409 sq.
710 2362 752 2398 cod.
763 2361 857 2398 Tischen-

0 2428 2 2430 ·
66 2407 112 2445 dori.
122 2410 189 2446 orient.
197 2409 266 2446 habet:
278 2414 308 2447 καὶ
316 2408 376 2447 ὁπότε
383 2411 435 2462 γοῦν,
445 2408 486 2443 cod.
495 2406 560 2442 Tisch.
569 2407 623 2443 ital:
636 2412 667 2444 καὶ
678 2406 738 2444 ὁπότε
749 2406 788 2450 οὖν,
801 2407 857 2444 codd.

65 2452 117 2501 Epit.
125 2455 169 2491 Dr:
183 2454 243 2493 ὁπότε
251 2454 291 2492 οὖν,
315 2454 353 2491 illa
365 2452 510 2490 Tischendorfio
518 2456 616 2499 praestare
627 2452 718 2488 videntur
728 2452 808 2488 lectioni
816 2453 857 2488 vul-

66 2504 128 2547 gatae.
152 2500 247 2547 Equidem
259 2500 311 2536 haud
323 2512 379 2537 secus
394 2503 457 2535 statuo
472 2498 495 2534 de
509 2498 684 2539 vocabuloo‘ndre,
700 2499 734 2533 sed
747 2508 815 2534 vocem
827 2502 859 2536 καὶ

66 2546 128 2581 minus
137 2550 203 2593 aptam
211 2557 337 2587 essecenseo.
350 2567 374 2573 -
383 2545 407 2582 V.
415 2545 438 2580 13
447 2555 486 2591 sqq.
495 2544 555 2580 etiam
563 2543 618 2580 codd.
627 2543 761 2580 Tischendorf.
774 2546 793 2579 et
802 2544 858 2580 codd.

66 2589 117 2637 Epit.
126 2592 160 2627 Dr.
170 2592 241 2627 sistunt
249 2591 317 2628 verba:
330 2590 447 2640 ἐλυπούμην·
461 2594 529 2627 πλεῖον
540 2591 561 2626 δὲ
572 2588 669 2639 ἠθύμουν,
681 2592 702 2625 at
714 2589 816 2636 sequentia
829 2590 858 2626 sic

67 2637 139 2684 scripta
150 2637 252 2674 exhibent:
266 2637 295 2674 ότι
307 2637 347 2674 οὐδ’
357 2637 455 2684 ὁποτέρων
467 2650 495 2676 τις
507 2634 541 2672 τόν
549 2635 596 2683 ἐμὸν
607 2636 708 2681 βεβαιῶσαι
719 2637 767 2673 νοῦν
775 2634 858 2689 ἠδύνατο

66 2681 112 2727 (nisi
120 2683 171 2730 quod
179 2683 200 2718 in
208 2683 250 2719 cod.
259 2682 326 2719 Tisch.
336 2682 403 2718 orient.
411 2682 471 2717 inest:
485 2679 592 2730 ὁπότερον).
616 2678 680 2726 Atque
691 2679 740 2717 haec
752 2691 800 2728 qum
814 2693 859 2718 vera

66 2728 103 2763 scri
116 2729 164 2764 toris
173 2740 241 2765 manus
254 2729 290 2772 sit,
302 2740 340 2765 non
348 2727 424 2764 videtur
432 2726 516 2763 dubitari
525 2737 588 2774 posse.
599 2747 623 2752 —-
636 2725 660 2762 V.
668 2725 691 2761 15
700 2725 756 2764 codd.
764 2726 859 2763 Tischen-

67 2740 116 2809 dori.)
122 2776 142 2810 et
154 2774 209 2810 codd.
218 2774 270 2821 Epit.
278 2773 311 2809 Dr.
322 2773 426 2821 praebent:
440 2772 489 2819 πλὴν
500 2772 597 2814 ἐνενόουν,
608 2770 659 2818 quod
670 2771 730 2808 etiam
739 2785 751 2809 a
762 2772 859 2809 Ootelerio

68 2816 88 2853 in
95 2818 147 2866 Epit.
156 2819 230 2857 editum
239 2822 274 2855 est.
294 2817 462 2863 Tischendoriius,
471 2829 528 2866 quum
536 2816 617 2854 Rufinus
628 2816 766 2865 interpretatus
778 2819 805 2854 sit
812 2819 860 2865 „scd
