1824 3065
34 2023 35 2026 ,
92 1999 149 2034 quam
158 1988 218 2023 altera
226 1987 296 2023 forma:
308 1990 390 2029 τοιοῦτο,
398 1987 428 2022 uti
437 1988 493 2024 solet.
500 2009 524 2015 —
534 1988 558 2025 V.
570 1988 592 2024 18
602 1999 664 2036 neque
676 1989 763 2025 omittere

90 156 133 198 300
294 165 674 200 awrnsnnnnrnnnorrrr.crrrr.

86 267 148 316 epus
159 268 216 308 αὐτὸς
227 268 253 316 μὴ
266 266 352 312 ὁρᾶσθαι.
362 287 386 291 -
397 264 474 301 Deinde
485 265 584 301 turbatum
596 264 671 311 aliquid
683 268 713 300 est
724 264 743 298 in
752 264 803 311 Epit.
814 268 877 319 altera,

87 314 121 350 ubi
130 318 206 351 autnon
215 315 297 348 estante
306 311 488 358 προαατασκοπήσας
500 314 520 346 et
532 310 633 358 sequentia
644 311 704 346 verba
715 321 777 357 usque
789 312 814 347 ad
822 318 877 354 εἲοελ-

88 361 157 401 ἐνόντες
165 360 300 395 construuntur
308 368 351 392 cnm
359 357 488 404 antegressis,
500 360 541 392 tum
548 368 595 392 vero
604 357 701 404 pergitur:
714 356 755 392 εἶτα
762 355 823 406 λάθρα
831 362 878 408 ἐκβὰς

87 405 216 450 ἠκολούθησεν
228 406 248 440 ἐν
259 402 337 450 εὐκαίρῳ
350 401 403 450 τόπῳ
415 402 530 453 προσελθών
542 407 587 438 cett.
611 401 665 443 Quare
678 401 794 447 corrigenda
805 411 849 441 suut
857 421 877 447 ex

87 451 178 489 Homiliis
187 448 218 484 vel
226 461 249 485 ex
257 447 307 494 Epit.
317 448 387 495 priore.
907 448 910 492 'j

134 508 155 542 P.
168 506 208 549 297,
220 505 231 540 5
244 517 284 541 non
294 504 351 541 video
364 517 397 540 cur
408 505 519 542 Dresselius
535 504 628 551 spreverit
642 503 715 540 codicis
730 501 745 538 Ο
759 504 877 551 scripturam:

70 588 71 591 ,
89 553 133 589 ὑπὸ
145 552 179 588 τὸν
191 550 304 601 ἀπόκρυφον
319 551 381 587 τόπον
394 550 562 619 ὑποχωρήσαντος,
578 550 664 595 quamvis
677 550 736 585 etiam
749 549 877 595 Epitoman,

87 597 143 634 CXII
150 608 183 644 pro
193 597 230 633 ὑπὸ
238 597 334 633 habeant:
347 600 377 638 εἰς.
385 618 409 623 -
420 597 444 634 l.
453 599 463 634 6
473 608 513 643 sqq.
522 600 542 632 et
552 596 573 631 in
580 596 632 643 Epit.
641 596 695 632 alter.
706 594 725 630 C.
735 593 791 631 CXII
799 596 877 644 legitur:
908 603 912 640 J

86 649 117 681 καὶ
128 642 194 688 ἐπειδὴ
206 644 320 692 εὐχομένους
332 643 393 687 εἶδον,
406 642 525 692 ὑπεχώρησα·
541 642 615 688 ἐλεήσας
626 643 647 679 δὲ
660 643 708 690 ὑμᾶς
720 641 816 691 ἀνέμεινα,
831 643 879 689 ὅπως

86 692 155 730 ἐξιοῦσι
174 688 317 740 προσομιλήσας
335 693 396 725 πείσω
411 690 437 736 μή
454 690 569 726 ἀπατᾶσθαι.
593 686 625 723 Sic
646 688 704 723 etiam
722 686 742 721 in
757 687 878 734 Epitfprior.
908 720 912 729 ς

87 734 179 779 CCXII,
193 734 232 770 nisi
244 734 296 781 quod
306 733 339 770 hic
350 746 384 781 pro
400 734 475 780 ἐλεήσας
486 736 507 770 di
518 733 621 780 reperitur:
637 738 667 770 καὶ
679 732 758 778 ἐλεήσας.
781 732 806 768 In
818 733 848 769 his
864 739 878 774 si
909 746 912 778 >g

87 781 192 835 genuinum
201 784 231 816 est
241 779 356 827 ὑπεχώρησα,
365 791 423 815 senex
432 781 486 824 dicit,
496 791 516 815 se
526 779 636 822 secessisse,
646 778 707 815 sedin
715 778 757 823 ipso
766 779 805 815 loci
812 784 879 819 secreti
910 782 912 817 ζ

87 827 169 863 rntrcitu
176 827 284 870 restitasse,
293 829 315 861 ut
323 825 377 861 Petri
385 826 465 861 comites
475 829 566 861 exeuntes
576 824 699 871 opperiretur.
723 823 751 873 At
760 837 798 868 cur,
806 836 879 875 quaeso,
910 827 912 865 ἒ

87 874 140 919 prius
149 884 206 918 quam
214 872 234 907 hi
243 870 338 907 secessit?
355 871 458 907 Praeterea
466 871 657 906 aliternarraturres
665 883 683 917 p.
691 870 732 914 297,
742 872 768 906 16.
792 870 879 919 Denique
910 888 912 906 ς

88 921 109 954 in
116 917 219 964 Recognit.
228 916 303 962 VHI,2
314 916 367 952 nullo
380 916 438 952 verbo
446 916 530 951 traditur
538 920 595 951 antea
604 916 709 951 secessisse
719 927 783 960 senex,
793 916 827 952 sed
834 916 880 956 haee

88 968 133 999 sunt
140 965 209 999 verba:
223 963 341 1007 „observans
350 973 395 1009 ergo
405 962 428 997 de
437 962 512 998 occulto
522 961 568 1008 qnid
581 961 601 996 in
613 965 688 997 secreto
700 963 794 1009 ageretis,
807 968 879 1000 orantes

87 1008 173 1056 inspexi3
187 1007 289 1056 miseratus
303 1008 364 1054 igitur
378 1018 459 1043 errorem
470 1010 566 1051 vestrum,
581 1007 689 1053 opperiri
705 1008 770 1055 coepi,
784 1019 880 1056 usquequo

88 1066 176 1101 egressos
185 1053 305 1100 alloquerer“
313 1056 359 1089 cett.
383 1052 423 1088 Aut
434 1053 494 1100 igitur
501 1052 626 1089 vehementer
637 1065 677 1089 erro
686 1056 720 1089 ant
732 1054 824 1100 scriptum
832 1059 879 1091 erat:

89 1102 114 1137 οὐ
114 1115 129 1148 χ
137 1098 255 1147 ὑπεχώρησα,
264 1098 338 1144 ἐλεήσας
345 1100 366 1135 δὲ
375 1102 421 1134 cett.
432 1098 488 1142 Quod
496 1098 574 1152 inEpit.
582 1098 646 1145 pricrc
652 1099 751 1145 reperitur,
758 1101 799 1146 jam
805 1099 880 1147 longius

88 1146 145 1182 abest
157 1157 168 1181 a
182 1145 267 1193 genuina
281 1144 379 1191 scriptoris
390 1156 457 1190 manu3
475 1147 505 1180 est
518 1155 569 1180 emm
580 1144 629 1179 nihil
641 1144 695 1180 aliud
709 1156 766 1191 quam
780 1147 881 1191 depravata

89 1192 127 1228 scri
140 1195 184 1227 tura
197 1190 277 1227 liberius
291 1193 370 1226 mutata.
383 1212 407 1217 —
420 1190 457 1226 Pro
470 1201 492 1225 eo
507 1190 558 1236 quod
572 1193 602 1226 est
614 1202 632 1226 v.
645 1190 666 1225 17
679 1193 713 1236 s'q.‚
727 1190 748 1226 in
761 1191 813 1237 Epit.
828 1192 881 1237 pricr.

90 1236 110 1273 C.
136 1236 176 1272 ΧΗ
184 1248 208 1272 ex
215 1237 290 1282 aliquot
301 1236 400 1281 utriusque
412 1235 512 1283 Epitemes
524 1235 624 1272 codicibus
635 1238 681 1271 ante
690 1239 710 1273 ἓν
718 1241 783 1278 ποίαις
790 1236 882 1283 reperitur

90 1283 173 1318 editum:
182 1286 217 1319 καὶ,
242 1281 298 1324 Quod
306 1284 363 1327 quum
371 1283 458 1328 ineptrun
466 1281 498 1325 sit,
508 1281 601 1329 conjiciat
609 1280 686 1327 aliquis,
695 1282 783 1328 primitus
793 1282 881 1329 scriptum

89 1328 161 1364 fuisse:
170 1331 231 1373 —arrl
240 1333 297 1364 τίνων
308 1332 345 1363 καὶ
353 1327 437 1371 πόθεν,
450 1329 470 1364 ἓν
478 1333 543 1369 ποίαις
551 1330 596 1363 cett.
622 1325 660 1363 Cfr.
671 1327 715 1363 adn.
725 1328 749 1363 ad
757 1341 776 1375 p.
785 1328 813 1370 57,
822 1329 837 1364 6.
857 1329 882 1365 at

102 1376 185 1418 iaestat,
198 1373 275 1420 opinor,
288 1372 411 1419 acquiescere
423 1372 444 1408 in
455 1384 487 1417 eo,
500 1373 551 1419 quod
560 1372 637 1409 codices
649 1373 776 1409 Homiliarum
787 1378 807 1409 et
815 1373 882 1421 reliqui

89 1387 222 1467 Cpitomarum
230 1418 276 1455 libri
283 1429 340 1453 mser.
348 1418 447 1465 praebent.

135 1476 156 1511 P.
164 1475 205 1518 299,
213 1477 224 1511 2
233 1478 287 1511 recte
295 1474 407 1511 Dresselius
416 1474 503 1520 scripsit:
513 1476 567 1522 ἔχειν,
577 1475 628 1521 quod
636 1478 666 1511 est
675 1476 733 1511 etiam
741 1475 762 1511 in
767 1476 819 1522 Epit.
826 1476 881 1521 prior.

91 1520 112 1558 C.
122 1520 198 1565 CXII13
212 1524 233 1556 at
245 1521 266 1555 in
273 1520 326 1567 Epit.
339 1520 394 1556 alter.
408 1519 428 1556 C.
441 1520 506 1557 CXIII
520 1522 615 1556 intactum
628 1521 716 1567 reliquit:
732 1522 781 1568 ἔχον.
792 1544 816 1548 -
829 1521 852 1558 V.
862 1522 881 1557 n

90 1565 224 1614 particulamv'p
232 1567 296 1601 variae
305 1566 412 1612 scripturae
420 1565 513 1602 indicium
523 1577 565 1602 esse
575 1577 651 1602 censeo.

135 1623 157 1658 P.
166 1623 206 1665 300,
215 1624 226 1658 5
234 1623 305 1658 vellem
312 1621 424 1658 Dresselius
432 1625 596 1669 repraesentasset
604 1622 690 1658 ordinem
698 1623 805 1667 verborum,
814 1624 847 1670 qui
856 1627 884 1660 est

89 1669 110 1704 in
125 1668 192 1704 codice
207 1666 229 1713 Ο,
244 1667 357 1704 exhibente:
370 1666 382 1713 ἢ
393 1668 461 1714 πολλήν
475 1667 508 1712 τὴν
516 1674 572 1716 χεῖρα
584 1669 627 1714 ἔχει.
652 1668 684 1704 Sic
697 1668 755 1704 etiam
767 1669 818 1716 Epit.
831 1669 883 1708 alter.
909 1704 911 1706 .

91 1713 190 1750 CCXIV.
203 1734 227 1739 -
238 1714 281 1749 Vc
294 1724 330 1761 ego
342 1714 461 1760 scripserim:
476 1714 498 1749 τὸ
513 1717 574 1764 σῶμα,
587 1714 639 1759 quod
651 1717 681 1750 est
693 1714 714 1749 in
724 1715 825 1761 utriusque
833 1714 883 1762 Epit.

91 1759 111 1796 C.
121 1757 190 1795 CXlV.
201 1781 225 1786 —
237 1760 260 1796 V.
269 1760 279 1794 9
287 1759 353 1795 nescio
365 1771 390 1795 an
403 1771 437 1805 pro
451 1759 544 1805 corruptis
556 1760 636 1795 vocibus
649 1758 740 1807 παράσχω
751 1760 783 1796 vel
795 1763 884 1809 παρασχηλ

91 1805 213 1841 scribendum
229 1805 264 1840 sit:
284 1804 390 1853 πορασχή
396 1816 434 1848 σω,
451 1808 473 1840 ut
486 1805 548 1840 voluit
565 1804 706 1853 Schweglerus,
724 1806 810 1852 quamvis
828 1806 884 1842 etiam

90 1851 142 1898 Epit.
151 1851 205 1887 alter.
215 1850 234 1887 C.
244 1850 308 1886 CXIV
318 1852 416 1899 porrigat:
427 1853 506 1898 παρέξοι.
517 1872 540 1877 -
551 1851 574 1887 V.
583 1851 606 1886 10
613 1862 652 1887 non
659 1852 722 1895 video,
732 1863 766 1887 cur
773 1852 885 1887 Dresselius

91 1908 130 1932 non
136 1897 232 1942 receperit
243 1896 265 1932 τὸ
274 1899 363 1934 τοιοῦτον
371 1908 394 1932 ex
405 1897 472 1932 codice
482 1895 507 1941 O,
520 1909 578 1943 quum
585 1897 699 1943 praesertim
707 1898 773 1943 paullo
781 1901 833 1942 ante,
841 1910 859 1934 v.
868 1898 884 1941 8,

92 1942 181 1979 τοιοῦτόν
192 1957 211 1977 τι,
224 1942 245 1976 in
255 1945 338 1989 utroque
350 1942 416 1978 codice
428 1943 511 1990 legatur.
536 1941 618 1978 Omnino
629 1941 662 1979 hic
674 1944 756 1989 scriptor
766 1944 831 2024 qotiqs
843 1942 884 2000 hac,

782 2001 811 2025 rce
845 2003 853 2025 ε
865 2005 885 2026 α-

92 2038 128 2075 λιος
137 2032 242 2069 secundum
251 2032 339 2069 codicem
348 2031 375 2076 0.,
385 2044 492 2080 quanquam
500 2033 533 2069 hic
543 2034 687 2070 eonsentientes
695 2034 755 2070 habet
763 2004 885 2071 librosiirsycr.

90 2079 143 2127 Epit.
153 2079 209 2126 prior.
219 2079 239 2116 C.
249 2077 308 2123 CXV,
317 2090 380 2126 neque
392 2078 512 2120 tolerandum
521 2083 551 2115 est
563 2080 613 2115 illud
621 2080 732 2116 adverbium
741 2092 780 2117 non
787 2083 885 2116 mutatum.

90 2125 129 2161 Vel
138 2125 165 2160 sic
173 2127 287 2161 tamennon
296 2123 416 2168 crediderim,
424 2124 445 2159 in
454 2136 476 2160 eo
484 2124 534 2159 nihil
541 2125 602 2161 latere
612 2125 660 2161 nisi:
669 2125 746 2174 μεγάλα,
755 2127 806 2173 quod
814 2138 838 2162 err
846 2125 886 2162 ced.

91 2169 110 2213 ΟἸ
116 2174 215 2217 receptum
228 2174 258 2207 est
269 2170 290 2205 in
301 2169 348 2217 Epit
360 2170 415 2206 alter.
429 2168 448 2205 C.
462 2168 522 2215 CXV,
535 2172 569 2206 sed
582 2166 762 2220 οοηήίοίομεγάλως
774 2176 835 2207 ortum
844 2183 886 2207 esse

92 2227 124 2252 ex:
137 2215 217 2266 μεγάλ’
231 2217 271 2259 du’,
280 2215 299 2251 h.
309 2227 326 2253 e.
334 2216 410 2265 μεχάλςη
421 2216 463 2253 ὅσα.

64 2291 66 2295 .
138 2267 159 2301 P.
168 2267 207 2310 301,
216 2267 228 2302 4
238 2266 374 2313 praeferendus
383 2267 460 2302 videtur
474 2265 520 2301 ordo
530 2266 639 2311 verborum,
648 2267 681 2315 qui
689 2268 785 2314 reperitur
792 2268 813 2303 in
821 2268 887 2304 codice

93 2310 137 2347 Cet
149 2313 170 2347 in
180 2311 232 2357 Epit.
245 2313 299 2348 alter.
310 2310 330 2349 C.
340 2311 398 2348 CXV.
422 2311 446 2347 In
457 2311 509 2358 Epit.
520 2311 576 2357 prior.
588 2324 689 2359 perperam
700 2314 833 2349 transmissum
848 2317 886 2350 est:

79 2358 182 2439 ‘tarra
195 2356 407 2440 irritaturus
414 2362 437 2439 r
442 2357 508 2440 ard
512 2358 849 2450 a1resarcinantes
855 2359 887 2440 rt

93 2448 150 2486 Certe
159 2453 190 2485 σοὶ
198 2453 244 2484 ante
253 2447 302 2495 λόγῳ
311 2449 426 2485 collocatum
434 2449 497 2485 minus
506 2448 577 2495 placet.
585 2471 609 2475 —
616 2449 640 2486 V.
651 2450 672 2485 13
679 2462 719 2486 non
730 2455 770 2487 erat
778 2450 888 2499 recipienda

91 2494 188 2542 particula
200 2499 239 2538 καὶ,
253 2505 310 2540 quam
320 2505 382 2539 neque
392 2495 495 2541 Epitomae
508 2498 623 2540 agnoscunt.
634 2517 657 2522 —
667 2496 691 2532 V.
703 2497 725 2532 15
734 2496 754 2533 in
766 2497 820 2533 libris
832 2508 887 2532 mscr.

92 2544 132 2622 taqn
139 2540 269 2622 dimiliardm
278 2550 334 2585 quam
345 2540 477 2586 Epitomarum
492 2539 512 2576 C.
522 2540 576 2578 CXV
589 2544 635 2577 ante
647 2545 751 2591 βουλομένη
766 2543 887 2579 intercidisse

92 2598 111 2622 vr
127 2598 137 2622 e
178 2597 231 2634 nega
241 2597 266 2622 10.

137 2639 158 2676 P.
166 2637 207 2682 302,
220 2639 230 2674 fi
245 2637 338 2684 scriptum
351 2636 468 2683 oportuisse:
484 2641 557 2675 πολλοῦ
569 2640 590 2676 δὲ
601 2638 674 2686 χρόνου
688 2639 799 2681 διελθόντος
814 2640 841 2681 ὡς
855 2640 888 2676 οὐκ

93 2685 145 2730 ἔλαβε
158 2683 262 2732 γράμματος
276 2683 319 2733 παρ7
334 2683 391 2727 αὐτῆς
404 2682 461 2725 αὐτὸς
475 2687 526 2729 cett,
541 2685 627 2720 ostendit
641 2685 693 2732 Epit.
711 2685 766 2722 alter.
782 2685 802 2721 C.
820 2684 888 2721 CXVI.

92 2728 157 2765 Etiam
165 2729 211 2765 libri
220 2741 275 2766 mser.
284 2728 337 2776 Epit.
345 2728 402 2775 prior.
412 2726 432 2763 C,
442 2728 506 2765 CXVI
514 2733 649 2766 servaverunt:
659 2731 688 2772 ὠς.
700 2752 723 2757 -
734 2731 757 2767 V.
766 2731 789 2766 14
796 2734 840 2778 post
849 2733 887 2768 ἕτε-

93 2774 181 2820 λεάτησεν
193 2778 296 2820 commate,
311 2786 350 2811 non
363 2777 435 2821 puncto
449 2775 532 2821 maJore,
545 2779 586 2811 erat
600 2777 730 2812 incidendum.
741 2798 765 2803 —
778 2777 802 2812 V.
815 2777 836 2812 16
848 2786 887 2823 sqq.

94 2820 199 2855 secundum
211 2821 297 2857 codicem
310 2818 326 2855 Ο
339 2819 368 2856 sic
381 2818 503 2855 scribendum
515 2824 564 2856 erat:
579 2825 637 2866 fratrc
653 2824 687 2858 τοῦ
701 2826 791 2869 χέρσντρς
802 2821 889 2861 εἰπόντος

95 2864 186 2907 συνιδών,
202 2865 239 2910 ὅτι,
256 2865 278 2904 ὃν
289 2868 351 2913 ἔλεγεν
360 2869 441 2915 γέροντα
453 2864 620 2909 τεθνάναι,,οὑτος
628 2867 685 2909 αὐτὸς
696 2867 727 2913 ἢν,
740 2870 759 2909 ἐξ
767 2870 793 2906 ὠν
802 2865 888 2916 ἔλεχενηὸ
