1827 3065
325 130 429 164 armona
441 131 539 165 111111.
781 119 823 164 187

51 242 156 283 rogressus,
165 232 195 282 tot
203 227 260 282 annis
268 239 307 264 non
315 233 422 276 comparet:
432 241 508 277 prorsus
516 241 561 267 vero
570 229 651 266 interiit.
674 229 752 266 Etenim
761 230 831 267 infelix

41 285 62 322 ob
69 277 205 317 continentiam
213 274 309 321 drlrgcbat
315 286 345 310 me
353 278 372 311 11
379 279 420 311 erat
428 287 493 312 amans
499 276 607 313 liberorum.
622 276 684 319 Quare
692 276 767 312 cunctis
773 277 831 313 nobis

3 332 5 336 ⁴
41 339 78 368 ase
86 333 142 370 super
150 320 214 357 omnia
223 320 301 356 delictis
311 321 388 356 orbatus
398 332 456 357 senex
464 334 509 369 prae
517 322 600 359 maximo
610 322 674 358 dolore
683 322 781 359 occubuit,

82 377 132 417 cui.
156 376 238 413 Matrem
254 377 315 425 igitur
330 376 379 413 haec
394 377 479 414 locutam
495 379 551 415 liberi
571 379 674 416 audientes
690 390 729 415 non
746 379 830 427 amplius

0 430 3 432 ’
42 426 140 468 secundum
155 423 209 459 Petri
225 422 376 460 admonitionem
391 435 411 459 se
427 425 525 461 continere
541 428 655 473 potuerunt:
676 425 711 462 sed
727 429 832 474 surgentes

0 495 4 518 5
41 470 131 520 eomplexi
139 473 183 505 sunt
194 479 236 505 eam
248 472 267 505 et
279 480 321 505 cum
333 468 400 504 multis
411 469 495 506 lacrimis
507 471 595 507 osculati.
618 470 693 508 Atilia
706 471 765 507 dixit:
778 470 830 514 Quid

1 524 3 526 “
40 524 73 559 1100
86 516 123 553 sibi
135 513 191 551 vuit?
212 514 322 561 Respondit
334 514 413 551 Petrus:
433 513 609 562 Advocafortiter,
625 517 830 562 01111111111111111

41 573 99 607 turun,
110 565 132 597 111
140 561 192 596 natis
200 561 239 596 tuis
247 560 322 596 fruaris.
346 560 382 595 Isti
390 560 441 597 enim
450 564 494 597 sunt
501 561 606 598 Faustinus
615 566 635 599 et
642 563 783 600 Faustinianus
792 562 830 598 filii

41 612 76 655 tui,
87 619 134 655 quos
144 606 165 641 in
175 605 270 653 profundo
280 605 361 653 periisse
375 605 454 643 dicebas
465 606 500 643 illa
507 606 595 643 horribili
602 613 665 645 nocte.
689 610 716 645 Et
724 621 762 656 quo
770 608 828 645 modo

41 658 86 695 alius
95 655 179 701 ipsorum
186 651 268 689 Nicetes
280 655 300 688 et
311 653 361 688 alius
369 650 442 699 Aquila
449 653 566 698 nominetur,
578 654 616 700 ipsi
623 654 661 691 tibi
670 667 680 691 1
708 666 765 692 onere
773 658 829 701 pote-

16 726 18 729 *
40 705 89 745 runt,
104 702 123 735 et
133 709 172 734 una
183 701 248 733 tecum
260 698 318 733 etiam
329 709 365 734 nos
376 698 481 734 audiemus.
504 697 544 735 Ubi
553 699 602 735 haec
612 699 681 736 Petrus
707 701 753 746 ixit,
766 704 830 737 mater

0 746 2 759 ³
42 747 160 785 vehementer
172 743 240 791 gavisa
253 743 338 790 deliquio
348 744 485 791 propemodum
495 746 602 782 exanimata
610 749 645 781 est.
669 747 829 793 Postquamvero

0 806 2 809 ’
41 795 91 830 illam
101 789 261 835 refocillavimus,
276 789 327 825 sedit
338 793 396 835 atque
408 790 429 826 in
441 794 501 826 semet
512 790 574 837 ipsam
585 803 674 838 regressa
686 792 724 828 ait:
743 791 829 828 Obsecro

41 851 81 882 vus,
94 834 202 916 dulcispimi
211 834 257 881 fflii,
270 835 329 872 dicite
341 835 399 880 mihi,
411 846 460 883 quae
471 836 577 873 acciderint
585 838 641 875 vobis
649 841 694 885 post
702 838 757 874 illam
764 838 828 885 perni-

43 886 111 921 ciosam
118 892 156 917 noc
166 892 201 917 em.

84 938 132 975 CIV.
158 938 207 973 Tum
217 937 299 974 Nicetas
311 938 376 985 eoepit
389 938 462 975 dicere:
474 938 512 975 Illa
523 940 566 986 ipsa
573 946 630 977 nocte
639 952 682 976 cum
690 939 755 984 navis,
765 951 830 986 quem-

41 985 138 1023 admodum
144 984 202 1028 nosti,
211 983 281 1020 fuisset
287 985 379 1030 resoluta,
386 984 422 1020 viri
430 985 513 1031 quidam,
522 985 584 1033 quiin
591 985 639 1022 mari
644 986 756 1022 latrocinari
761 997 829 1021 veren-

41 1037 77 1075 tur,
89 1033 181 1077 ceperunt
191 1042 226 1066 nos
239 1034 258 1066 et
270 1029 371 1066 naviculae
383 1030 523 1077 imposuerunt,
536 1036 556 1067 et
566 1031 679 1080 remigando
691 1031 794 1077 aliquando
803 1031 830 1078 ad

41 1083 106 1114 terram
121 1076 242 1120 deferebant,
258 1075 360 1122 aliquando
375 1079 395 1112 et
409 1077 462 1113 cibos
480 1077 616 1121 accersebant,
632 1078 698 1124 sicque
715 1077 829 1113 Caesaream

42 1122 133 1159 Stratonis
140 1121 275 1168 perduxerunt.
299 1121 367 1168 ibique
379 1134 414 1158 nos
423 1122 444 1157 in
452 1122 540 1161 lacrimas
549 1122 620 1158 effusos
628 1122 686 1166 fame,
694 1126 754 1166 metu,
762 1123 829 1158 verbe-

40 1168 89 1205 ribus
101 1168 209 1213 terrebant,
220 1179 245 1204 ne
257 1167 303 1214 quid
313 1170 385 1204 temere
398 1173 464 1203 contra
475 1178 529 1202 suam
541 1168 657 1203 sententiam
668 1168 797 1214 loqueremur,
811 1171 831 1203 et

41 1213 116 1249 mrrtatis
125 1214 196 1249 nostris
204 1213 313 1250 nominibus
322 1213 406 1249 vendere
413 1216 523 1260 potuerunt.
535 1212 593 1248 Porro
602 1213 671 1248 mulier
677 1213 770 1259 quaedam
779 1213 831 1260 apud

40 1259 119 1295 iudaeos
131 1259 239 1306 proselyta,
252 1259 333 1294 honesta
347 1258 458 1302 admodum,
473 1258 527 1294 Iusta
538 1258 624 1303 nomine,
639 1270 681 1294 curn
695 1271 731 1295 nos
745 1258 832 1302 emisset,

40 1305 106 1340 habuit
117 1305 160 1341 loco
171 1304 254 1340 filiorum
266 1308 323 1350 atque
336 1303 423 1339 omnibus
433 1302 514 1340 Graecis
523 1304 633 1351 disciplinis
645 1304 731 1340 studiose
742 1304 831 1341 erudivit.

40 1350 77 1386 Nos
85 1361 130 1386 vero
142 1362 176 1397 per
188 1353 272 1397 aetatem
279 1349 384 1396 prudentes
393 1349 442 1385 faeti
455 1353 474 1385 et
481 1349 596 1397 religionem
605 1349 719 1395 amavimus,
731 1354 751 1386 et
758 1350 831 1385 litteris

41 1395 127 1443 gnaviter
137 1407 214 1443 operam
225 1396 322 1439 dedimus,
337 1399 360 1430 ut
372 1407 415 1431 eum
425 1395 506 1441 reliquis
518 1395 610 1443 gentibus
623 1396 745 1442 disputantes
759 1407 792 1432 eas
807 1395 831 1431 de

41 1452 99 1477 errore
112 1453 213 1488 possemus
227 1453 313 1489 arguere.
337 1439 376 1477 Sed
390 1445 410 1476 et
423 1441 561 1488 perdidieimus
574 1440 731 1488 philosophorum
746 1441 831 1485 decreta,

39 1487 118 1523 maxime
127 1499 175 1534 quae
184 1499 196 1523 a
203 1486 278 1534 pietate
286 1487 306 1522 in
314 1487 378 1522 Deum
386 1486 506 1531 alienissima
514 1490 568 1531 srmt,
579 1487 659 1535 Epicuri
669 1488 748 1534 inquam
756 1491 776 1523 et
784 1486 832 1534 Pyr-

40 1531 110 1577 rhonis,
120 1544 157 1580 quo
165 1533 228 1581 magis
237 1544 337 1580 possemus
347 1532 452 1569 confutare.

84 1588 122 1626 CV.
147 1589 249 1626 Caeterum
260 1601 298 1625 una
310 1601 353 1625 curn
362 1588 438 1625 Simone
447 1588 529 1635 quodam
537 1601 594 1637 mago
604 1589 691 1634 educati,
701 1589 776 1626 ratione
785 1589 831 1625 ami-

40 1634 96 1670 citiae
108 1635 128 1671 in
139 1634 206 1672 fraude
219 1635 259 1671 iere
271 1634 347 1684 inducti
357 1634 433 1670 fuimus.
457 1634 528 1670 Verum
539 1634 578 1671 ista
588 1635 626 1670 tibi
638 1638 699 1671 mater
710 1634 732 1670 in
745 1639 830 1682 tempore

41 1679 153 1727 diligentius
160 1686 284 1727 exponentur.
296 1680 337 1717 Nos
344 1680 421 1716 interim
428 1691 471 1715 cum
476 1691 538 1726 paene
545 1680 583 1716 iarn
590 1680 721 1726 deciperemur
727 1691 739 1715 a
746 1679 830 1725 Simone,

40 1726 116 1771 quidam
129 1727 206 1773 collega
219 1725 291 1762 domini
302 1726 364 1761 nostri
374 1725 429 1762 Petri
440 1725 550 1761 Zacchaeus
561 1726 637 1761 nomine
646 1726 741 1761 accedens
749 1725 831 1770 monuit,

39 1783 62 1807 ne
70 1771 181 1808 falleremur
189 1783 201 1807 a
208 1783 272 1819 mago,
281 1773 301 1806 et
308 1771 366 1807 Petro
376 1770 488 1806 advenienti
495 1782 530 1806 nos
539 1771 617 1815 obtulit,
625 1775 647 1807 ut
655 1772 680 1807 ab
688 1771 730 1818 ipso
736 1771 830 1818 perfecte,

40 1827 87 1862 quae
95 1820 185 1864 spectant
194 1817 219 1853 ad
227 1818 300 1852 cultum
308 1816 355 1860 Dei,
363 1816 478 1852 doceremur.
502 1816 565 1858 Quare
574 1818 634 1853 etiam
641 1822 661 1852 te
670 1828 755 1861 oramus,
763 1821 832 1861 mater,

39 1866 60 1897 ut
68 1874 116 1909 quae
124 1874 159 1898 nos
169 1862 269 1898 consecuti
275 1874 339 1898 sumus
345 1861 403 1906 bona,
412 1861 447 1898 ilia
454 1865 473 1897 et
479 1864 502 1897 tu
508 1862 611 1908 percipias,
621 1874 658 1909 quc
664 1862 761 1910 possimus
768 1862 832 1899 cibum

41 1911 59 1943 et
67 1919 153 1943 mensam
159 1907 231 1944 habere
240 1919 363 1944 communem.
386 1907 416 1943 Ea
424 1907 484 1960 igitur
493 1919 551 1943 causa
559 1908 607 1953 fuit,
614 1912 693 1955 propter
701 1919 757 1954 quarn
766 1908 833 1945 existi—

39 1954 96 1989 masti
109 1965 144 1990 nos
159 1953 241 1998 obiisse,
257 1954 309 2000 quod
322 1965 345 1989 ea
359 1951 476 1989 difficilhma
489 1956 547 1989 noete
558 1965 570 1990 a
580 1954 649 2001 piratis
663 1954 684 1989 in
697 1954 768 2002 pelago
781 1954 832 2001 rapti

41 2010 109 2035 sumus.
731 2013 733 2016 ’

85 2055 135 2093 CVI.
159 2055 207 2092 Cum
218 2056 267 2093 haec
279 2055 361 2091 dixisset
369 2054 558 2100 Faustinus,mater
569 2058 635 2090 nostra
646 2055 731 2101 procidit
739 2055 764 2092 ad
786 2055 833 2092 edes

40 2100 93 2137 Petri
101 2113 172 2150 rogans
181 2105 201 2138 et
209 2101 323 2146 obsecrans,
335 2104 358 2136 ut
367 2105 386 2137 ct
394 2101 457 2148 ipsam
465 2104 485 2137 et
493 2101 589 2148 hospitam
598 2111 652 2135 suam
661 2104 760 2137 evocatam
768 2068 832 2148 Septi-

41 2151 103 2191 zaret,
112 2148 173 2183 utine
181 2159 229 2192 una,
238 2147 314 2194 inquit,
326 2147 368 2183 dies
377 2147 498 2192 excludatur,
511 2158 534 2182 ex
545 2158 581 2193 qrro
589 2149 645 2181 natos
654 2156 706 2182 meos
714 2147 785 2194 recepi,
794 2158 833 2193 qua

41 2203 83 2228 cum
90 2193 115 2228 iis
127 2205 166 2229 non
178 2193 290 2240 sumpserim
302 2192 370 2228 cibum.
389 2191 480 2239 Cumque
491 2204 527 2228 nos
540 2192 607 2228 eadem
619 2201 667 2237 quae
678 2195 739 2228 mater
748 2204 833 2240 compre-

41 2248 134 2284 caromur,
145 2239 215 2275 Petrus
228 2238 265 2275 ait:
278 2238 329 2280 Quid
340 2238 423 2284 putatis,
435 2250 465 2274 me
474 2236 643 2273 immisericordem
653 2248 695 2273 esse
705 2239 772 2283 solum,
782 2239 833 2285 quod

41 2284 99 2319 nolim
106 2296 140 2320 vos
149 2285 216 2321 matris
225 2283 312 2320 convivio
322 2283 397 2326 sociari,
406 2283 463 2319 hodie
471 2283 525 2319 iilam
533 2283 558 2318 ba
572 2281 648 2318 tinans?
665 2283 705 2318 Sed
712 2295 794 2320 necesse
803 2287 833 2319 est

41 2338 83 2365 eam
90 2330 122 2366 vel
129 2342 169 2366 una
177 2330 208 2366 die
217 2333 261 2366 ante
270 2328 386 2375 baptismum
395 2328 489 2372 ieiunare,
499 2340 550 2374 quan
564 2328 654 2374 equidem
663 2329 778 2376 simpliciter
786 2341 833 2365 non-

41 2375 93 2453 pulla
108 2388 142 2421 pro
159 2387 180 2412 se
196 2375 261 2412 locuta
276 2378 306 2410 est
320 2377 389 2418 mater,
404 2374 476 2420 alioqui
489 2373 555 2410 multis
568 2374 631 2420 ipsam
646 2373 714 2411 diebus
730 2374 833 2422 oportebat

48 2423 123 2457 ustrari.

75 2596 115 2640 Cap.
123 2596 168 2630 0111.
180 2592 199 2640 i)
206 2594 240 2629 rori
247 2606 279 2628 om.
286 2595 305 2627 Ο.
312 2612 335 2617 -
342 2589 420 2636 ’2131κο13-
450 2593 499 2635 XIII,
508 2591 524 2625 7.
536 2611 559 2617 »-
570 2591 589 2637 3)
598 2594 706 2627 Iuserorrdum
719 2595 745 2633 sig
753 2605 774 2628 ex
781 2595 834 2630 Hom

42 2650 94 2679 οντες
100 2642 134 2675 des.
140 2642 159 2674 in
167 2639 236 2684 u-3)
243 2638 291 2687 αὐτῇ
298 2637 369 2684 (le-4)
375 2637 421 2685 ἡμῖν
449 2658 473 2663 -
480 2635 499 2684 4)
509 2638 530 2673 dt
538 2649 570 2672 orn.
580 2640 601 2672 V.

42 2684 61 2726 Ο,
71 2687 100 2728 qui
106 2699 147 2738 ‘mox
154 2688 226 2721 invertit
234 2686 304 2729 ἐκείνην
313 2682 375 2720 uriam.
486 2697 526 2740 pap,
534 2696 570 2730 pv,
594 2693 613 2741 1)
622 2696 650 2740 „p
657 2697 709 2730 ΗΘΜ,

76 2755 116 2799 Cap.
133 2756 176 2790 CIV.
205 2752 224 2800 1)
244 2750 349 2789 ὅτε-ὅτε
366 2755 385 2788 0.
400 2773 421 2777 -
486 2754 526 2798 Cap.
536 2753 580 2787 CVI.
596 2750 614 2798 1)
625 2755 771 2799 soresmos-ipae
781 2757 835 2791 V.-

42 2795 60 2843 2)
77 2798 189 2845 &dapisoun
205 2802 248 2834 mule
265 2812 297 2834 om.
313 2801 328 2833 V
346 2803 363 2834 ot
374 2801 425 2833 Hom.
454 2798 471 2841 2)
481 2796 618 2845 ἔφηὸΠέτρος
626 2799 673 2834 addit
681 2801 703 2835 V.
