1824 3065
89 169 133 211 302
302 179 599 215 rumsmmmruuomrr.
610 178 681 212 orum.

138 280 159 316 P.
168 280 208 325 307,
216 280 229 314 4
236 291 285 326 quae
294 280 338 325 J'ure
350 283 415 325 spreta
427 282 457 314 est
468 278 541 315 codicis
551 277 565 313 C
579 277 683 325 scriptura,
692 288 734 313 eam
743 277 763 312 in
770 278 787 313 E
801 278 822 315 it.
831 282 881 322 alter,

92 324 113 362 C.
123 324 198 361 CXXII
212 326 315 372 repositam
327 324 391 360 videre
405 327 435 359 est
447 324 501 360 nulla
515 323 605 373 adhibita
615 323 727 359 mutatione.
740 343 763 349 -—
793 325 828 360 ,13
838 327 881 367 feni

91 383 149 418 posse
157 372 233 407 videtur
241 370 336 416 scriptura
344 369 417 406 codicis
426 367 457 406 C:
469 374 536 419 μέχρις
544 373 579 405 οὐν
587 368 619 406 ὅτε
627 373 670 412 περὶ
679 368 748 404 τούτου
757 374 849 418 πείσομεν
857 388 880 413 σε,

93 421 166 463 Μέχοις
175 417 206 453 ὅτε
214 427 256 451 crnn
265 415 370 451 indicativo
379 415 440 451 futuri
448 417 579 451 constructum
587 417 617 449 est
630 414 689 450 etiam
696 426 714 460 p.
723 412 752 456 88,
761 414 782 448 11
791 426 828 461 sqq
841 429 881 458 eum

90 454 195 498 indieativo
204 460 314 508 imperfecti
321 473 340 507 p.
350 460 391 505 368,
402 461 423 497 10
432 472 469 508 sq.;
481 464 502 497 at
510 460 567 496 etiam
578 471 621 496 cum
632 458 755 505 conjunctivo
764 459 881 505 aoristi,n011

90 507 156 543 addito
169 505 201 549 du,
215 519 234 554 p.
243 506 283 549 333,
292 506 309 551 λ,
322 509 343 541 ut
354 506 375 541 in
386 507 437 553 Epit.
452 506 552 553 uetusque
561 504 582 541 C.
591 504 677 541 CXXIII
690 504 763 540 editum
776 509 811 550 est,
821 517 881 552 quam.
907 522 912 552 3

90 552 200 633 (1113111031)νί
208 563 263 588 mser.
272 555 306 589 aut
317 552 380 599 magis
391 556 425 589 aut
434 563 494 599 aeque
503 552 570 588 favent
578 551 690 598 scripturae,
699 561 756 597 quam
761 549 821 587 habet
829 552 881 593 Hom,

92 609 133 634 co.
160 627 163 633 .

135 642 156 679 P.
165 642 206 687 308,
214 643 226 678 3
233 646 278 690 post
287 642 356 684 αὐτοὺς
364 643 447 679 excidit:
456 643 498 692 γὰρ,
506 643 557 690 quod
563 641 646 678 servavit
650 642 702 689 Epit.
709 641 763 677 alter.
771 639 792 676 C.
797 641 882 682 CXXIV.

90 688 163 724 -Vt
177 692 264 735 praestat
275 688 380 724 secundum
391 687 506 725 codicemO
523 688 610 724 omittere
624 688 703 723 verbum
718 688 758 734 ἔφη.
784 685 882 728 Consentit

90 733 142 780 Epit.
150 746 177 780 pr.
186 732 207 770 C.
220 733 309 770 CXXIV.
321 755 344 760 —
355 734 378 771 V.
386 734 397 770 8
406 734 447 770 sola
461 746 506 770 vera
519 737 549 770 est
560 733 633 769 codicis
646 731 661 768 C
676 732 779 784 scriptura:
794 732 881 779 ἀσχολίαι.

89 780 140 826 Ipse,
153 783 175 815 nt
185 792 236 816 nunc
247 780 314 824 video,
325 781 438 816 retractavit
450 792 504 816 suam
515 779 631 815 sententiam
639 778 750 815 Dresselius
759 790 779 813 m
787 778 830 814 adu.
840 782 848 814 l
860 784 882 819 ad

90 825 142 872 Epit.
154 825 208 862 alter.
221 824 339 863 CjCXXIV.
362 825 466 861 Praeterea
474 825 526 861 dicat
538 824 608 870 aliquis
616 828 715 871 praestare
727 823 821 860 scribere:
836 833 882 870 τοῖς

92 874 127 908 υὲν
136 875 347 921 πεπιστευμένοις,
359 875 379 906 et
391 882 473 917 sequens
483 871 587 907 ἀπιστοῦσι,
598 870 694 906 intectum
703 869 820 915 relinquere3
835 876 883 910 certe

90 906 139 952 baec
149 917 231 951 mutatio
242 915 318 952 facilior
328 927 357 957 eu,
369 926 426 961 quam
435 914 576 951 commendavit
588 915 687 951 Davisius.
710 916 737 950 At
749 914 800 950 enim
808 915 883 954 obstant
909 925 912 959 ξ

91 962 168 1008 utrique
180 961 295 997 emendandi
303 960 374 996 rationi
384 972 412 1005 ea,
425 971 474 1007 quae
486 960 578 1007 leguntur
587 961 608 996 in
616 960 667 1007 Epit.
676 960 756 997 altertus
765 958 786 996 C.
796 959 881 1008 CXXIV,

92 1006 131 1042 nisi
143 1007 193 1042 forte
206 1009 251 1041 sunt
262 1005 384 1052 interpolata.
392 1027 412 1032 -
420 1005 473 1048 Quae
481 1018 498 1040 v.
506 1006 527 1041 13
535 1016 576 1052 sqq.
584 1006 681 1052 leguntur,
688 1005 834 1053 retintegranda
840 1013 882 1044 suut
909 1016 912 1043 ,Ξ

92 1051 155 1087 exeis
168 1063 217 1105 quue
229 1051 325 1088 habentur
336 1051 357 1087 in
371 1051 422 1098 Epit.
434 1051 514 1088 alterius
526 1050 547 1087 C.
559 1051 651 1096 CXXIV,
658 1052 700 1109 'ubi
710 1055 776 1087 tamen
787 1063 821 1098 pro
832 1066 882 1100 νινο-
911 1088 912 1099 2

92 1097 681 1192 wig.ssseCdlijClivdeliblaedCirripiirouthiiiipiioi‘irfdiiaglilgsiint
692 1142 713 1177 in
725 1142 793 1178 codice
805 1140 827 1187 O,
835 1146 857 1177 ut
864 1144 883 1180 in

93 1189 193 1235 utriusque
202 1189 253 1235 Epit.
263 1187 282 1224 C.
292 1187 384 1233 CXXIV,
392 1188 413 1223 in
421 1191 504 1231 textum,
513 1198 569 1234 quem
577 1192 653 1232 vocant,
661 1187 736 1235 recepit
743 1187 854 1223 Dresselius
863 1200 884 1224 er
911 1195 912 1220 1

94 1234 161 1270 codice
170 1232 195 1276 C;
204 1234 225 1269 id
234 1234 285 1280 quod
293 1234 382 1280 equidem
388 1233 440 1269 haud
447 1233 601 1281 vituperaverim,
609 1234 666 1270 modo
675 1233 757 1269 alterum
764 1237 817 1268 recte
825 1244 884 1270 emen·
911 1253 912 1256 =

94 1279 155 1314 detur.
180 1279 306 1315 Scribendum
322 1283 394 1315 autem:
414 1284 445 1316 καὶ
463 1278 580 1328 ἀπαστίαν.
604 1279 669 1315 Sermo
689 1283 720 1314 est
736 1278 760 1314 de
772 1278 883 1316 *venditione

93 1325 175 1361 Nicetae
188 1330 208 1360 et
219 1323 311 1371 Aquilae,
329 1336 365 1371 quo
377 1325 401 1360 de
414 1324 454 1360 vid.
464 1337 482 1371 p.
495 1325 534 1361 286.
557 1325 600 1361 Hac
615 1325 658 1371 ipsa
672 1323 784 1360 venditione
797 1323 885 1360 effectum

93 1373 141 1414 erat,
151 1374 173 1405 ut
179 1372 261 1417 juvenes
269 1371 345 1418 graecis
354 1370 462 1417 disciplinis
471 1370 600 1416 erudirentur3
613 1370 665 1406 unde
677 1373 765 1416 apparet,
777 1380 834 1416 quam
842 1374 884 1417 apte

92 1415 141 1452 haec
148 1427 179 1451 res
189 1416 253 1452 verbis
261 1416 347 1462 proxime
354 1415 479 1462 sequentibus
486 1419 648 1453 commemoretur.
654 1438 678 1443 -
684 1417 738 1458 Quae
745 1428 763 1451 v.
771 1415 815 1462 Isq.
823 1417 884 1462 positu

93 1464 138 1496 sunt
149 1462 218 1506 verba,
230 1461 342 1497 adhibenda
353 1466 406 1497 erant
417 1461 442 1496 ad
453 1461 567 1509 corrigenda
578 1473 608 1507 ea,
622 1472 671 1508 quae
682 1460 730 1506 ipsis
741 1460 858 1507 respondent
866 1461 885 1496 in

92 1507 145 1553 Epit.
154 1507 209 1543 alter.
218 1505 239 1542 C.
248 1505 337 1543 CXXIV.
345 1528 368 1533 —-
380 1505 428 1541 Cum
436 1518 465 1551 eo,
487 1506 526 1541 uod
536 1519 553 1543 v.
562 1506 573 1541 7
585 1519 595 1543 θ
607 1507 674 1543 codiee
684 1506 698 1543 C
707 1506 808 1542 verborum
815 1506 836 1541 in
843 1518 883 1553 per-

93 1552 209 1598 petuitatem
220 1555 320 1599 receptum
331 1556 369 1596 est,
382 1551 415 1587 cfr.
424 1552 477 1588 Eocl.
503 1552 540 1597 III,
550 1554 580 1587 ll:
592 1551 750 1602 Ἐπληροφοοήθη
761 1554 828 1599 καρδία
841 1555 884 1589 υἱῶν

93 1599 128 1633 τοῦ
140 1597 244 1648 ἀνθρώπου
258 1600 279 1634 ἓν
294 1598 358 1638 αὐτοῖς
370 1599 404 1633 τοῦ
418 1600 497 1642 πονῆσαι
512 1597 533 1634 τὸ
549 1597 638 1647 πονηρόν.
662 1596 689 1632 Αῖ
703 1597 769 1633 nescio
785 1608 811 1632 an
824 1597 884 1644 magis

93 1643 198 1687 genuinum
207 1643 232 1678 sit
241 1644 410 1691 utqporpopptqvtu
422 1642 450 1678 sio
461 1642 512 1678 nude
524 1644 618 1689 positum,
631 1646 653 1678 ut
662 1646 692 1678 est
699 1643 720 1678 in
727 1641 827 1690 utriusque
835 1643 884 1689 Epit.

94 1688 114 1724 C.
130 1687 218 1724 CXXIV.
229 1709 252 1714 -
266 1688 290 1723 In
303 1689 337 1733 iis,
350 1698 398 1734 quae
411 1688 496 1735 proxime
508 1693 620 1734 sequuntur,
638 1700 671 1724 cur
684 1687 795 1723 Dresselius
807 1687 884 1724 formam

94 1734 150 1775 εὐθὺς
158 1746 170 1770 a
179 1733 246 1769 codice
254 1731 270 1768 Ο
277 1734 386 1779 praebitam
395 1734 496 1779 spreverit,
503 1744 542 1768 non
551 1738 756 1814 exputo,4qrramquam
769 1733 828 1769 etiam
841 1733 885 1770 εὐθὺ
898 1757 899 1760 =

92 1779 139 1816 ferri
147 1791 204 1826 posse
213 1780 305 1824 concedo,
315 1779 347 1815 cfr.
355 1778 441 1815 Lobeek.
449 1779 475 1815 ad
481 1778 586 1824 Phrynieh.
593 1792 611 1827 p.
620 1782 630 1815 1
663 1791 699 1825 sqq
713 1789 775 1825 neque
784 1790 831 1826 opus
841 1777 884 1823 erat,

94 1829 154 1867 τέκνα,
167 1824 218 1871 quod
227 1824 282 1860 deest
290 1824 311 1860 in
320 1824 386 1861 codice
395 1822 421 1868 Ο,
434 1836 457 1860 er
465 1824 515 1860 libro
525 1824 539 1860 C
547 1826 639 1872 recipere,
649 1836 706 1872 quum
715 1824 737 1861 τὰ
745 1825 817 1874 δίδυμα
825 1836 858 1870 per
866 1835 885 1859 se

95 1871 166 1916 optime
176 1874 226 1906 stare
234 1870 331 1916 possit-
338 1870 380 1907 Vc
388 1881 416 1916 sq.
424 1869 485 1906 autin
492 1869 565 1906 verbis:
574 1874 605 1908 καὶ
614 1871 658 1912 τοὺς
666 1870 711 1911 σοὺς
719 1870 821 1915 ἀπολαβεῖν
829 1870 885 1905 inter-

96 1915 155 1951 cidit:
165 1928 191 1959 σε,
201 1918 234 1950 aut
241 1926 275 1961 pro
284 1929 315 1953 cot
324 1919 423 1954 συνελθεῖν
431 1915 523 1962 seriptum
532 1920 582 1952 erat:
596 1928 617 1954 σε
626 1929 648 1959 ο,
658 1915 747 1951 similiter
755 1919 813 1962 atque
827 1915 885 1951 Janllo

94 1964 165 1997 anter.
174 1960 233 1996 test:
246 1965 344 1998 συνελθεῖν
355 1960 459 2008 Κλήμενπι,
482 1961 582 1997 Alterutra
594 1961 709 1998 emendandi
716 1962 766 1996 ratio
778 1927 886 1997 adhibenda

95 2006 154 2042 etiam
161 2005 213 2052 Epit.
222 2006 276 2041 alter.
286 2004 307 2041 C.
316 2005 394 2042 CXXV.
406 2027 429 2031 —
442 2006 465 2042 V.
474 2008 496 2041 12
508 2008 528 2042 et
539 2007 560 2042 in
567 2007 619 2064 Epit.
628 2008 682 2044 alter.
691 2005 712 2042 C.
721 2005 796 2043 CXXV
804 2006 885 2042 scriben-

95 2052 139 2087 dum
147 2051 232 2087 videtur:
242 2053 281 2100 ἒμὲ
293 2053 387 2089 ἐννοίην
410 2050 421 2096 ὴ
430 2054 480 2098 ἔχειν
488 2056 575 2096 περὶτοῦ
583 2053 621 2089 υπὸ
630 2056 666 2090 σοῦ
673 2056 816 2101 κηρυσσομένων
824 2051 885 2098 λόγου,

94 2108 137 2144 pro:
147 2100 167 2134 ἓν
176 2100 240 2145 ἐννοίᾳ
248 2096 275 2146 μὴ
283 2100 328 2133 cett.
338 2095 375 2132 Cfr.
387 2066 438 2142 Cpit.
446 2097 502 2144 prior.
511 2097 531 2134 C.
541 2096 619 2135 CXXV.
632 2120 656 2125 -—
669 2098 693 2134 V.
702 2097 724 2133 13
735 2109 762 2144 sq.
772 2108 849 2143 prorsus
860 2097 886 2132 in-

94 2147 140 2189 epta
148 2146 178 2179 est
187 2143 260 2179 codicis
269 2141 284 2178 O
294 2142 397 2188 scriptura:
410 2142 557 2194 προτυεπόμενά
564 2159 608 2192 μοι,
620 2144 641 2179 in
648 2146 722 2179 textrnn
730 2146 816 2189 recepta,
829 2142 886 2188 aptis·

95 2190 143 2269 silma
151 2188 285 2270 effingffxiii‘]
297 2188 370 2224 codicis
383 2186 407 2223 C:
420 2192 578 2237 προτρεπομένου
589 2202 622 2238 με,
635 2200 691 2235 quam
702 2187 761 2224 habet
770 2189 828 2225 etiam
836 2188 885 2235 Epit.

95 2237 151 2271 ater.
178 2263 181 2268 .
218 2235 226 2248 ⁷
266 2263 269 2269 .

140 2279 163 2315 P.
171 2279 211 2323 310,
219 2279 229 2313 'l
239 2279 343 2316 secundum
348 2283 450 2326 utrumque
457 2279 543 2315 codicem
550 2283 603 2316 recte
609 2279 682 2314 editum
691 2282 731 2315 est:
739 2283 771 2316 καὶ
779 2281 805 2326 τῷ
813 2285 886 2316 πίνοντι,

95 2324 154 2362 αὐτοῦ
163 2324 184 2360 τὸ
193 2328 201 2359 ἱ
215 2324 269 2362 ἄτιον
277 2325 403 2371 προσδιδόνσν
411 2329 442 2361 καὶ
450 2325 471 2361 τὸ
479 2325 582 2374 μυφόριον.
605 2323 677 2361 Contra
689 2336 737 2372 quae
746 2325 766 2360 in
774 2324 826 2370 Epit.
833 2314 886 2360 diter.

96 2369 117 2407 C.
126 2368 181 2405 CXX
211 2374 289 2416 recepta
300 2374 330 2406 est
343 2370 380 2406 scri
394 2375 446 2406 tura:
460 2371 570 2420 μυφώριον,
584 2382 624 2407 non
634 2373 675 2407 erat
689 2370 815 2407 admittenda.
838 2370 886 2405 Mat-

95 2417 164 2452 thaeus
178 2415 202 2459 V,
213 2415 237 2450 to
251 2419 270 2451 et
284 2415 347 2452 Lucas
359 2384 394 2461 Vi
407 2416 430 2451 29
441 2427 475 2463 pro
487 2428 510 2452 eo
522 2417 573 2463 quod
585 2420 615 2452 est
629 2415 727 2466 μιιφόριον
741 2417 887 2453 commemorant

95 2464 171 2507 χιτῶνα,
196 2460 286 2507 Sequitur
299 2461 333 2497 hos
347 2462 364 2497 is
379 2462 411 2508 qui
424 2462 527 2508 Epitomen
542 2463 624 2508 priorem
640 2462 755 2508 composuit,
772 2460 793 2497 C.
809 2459 886 2497 CXXV.

113 2511 164 2543 trum
169 2505 215 2542 hinc
222 2506 374 2543 concludendum
381 2512 416 2550 est,
424 2507 524 2543 maforium
532 2509 556 2544 ab
564 2519 593 2552 eo,
602 2507 635 2554 qui
641 2507 713 2554 primus
719 2507 818 2558 μυφόριον
823 2505 887 2554 posuit

94 2565 129 2600 pro
142 2555 225 2600 χιτῶνα,
239 2555 341 2598 acceptum
355 2563 397 2588 esse
410 2553 430 2589 in
444 2564 486 2589 eam
500 2553 625 2599 sententiam,
639 2557 661 2589 ut
674 2553 727 2589 idem
740 2553 824 2598 valeret,
837 2550 887 2599 quod

96 2599 199 2644 „tunioa“;
207 2609 232 2634 an
239 2597 305 2645 potius
314 2598 436 2635 statuendum
445 2599 490 2643 erit,
502 2599 558 2635 illum
565 2599 662 2636 hominem
674 2599 779 2644 „muliebre
787 2603 886 2646 tegumen—

95 2648 137 2679 tum
145 2644 221 2691 oapitis,
231 2643 278 2679 colli
286 2654 309 2679 ac
317 2641 448 2679 humerorum
457 2667 480 2671 —
489 2644 517 2681 sic
525 2645 576 2681 enim
584 2643 681 2694 μιιφόριον
688 2648 742 2681 recte
750 2644 886 2691 interpretatur

96 2688 184 2726 Suiccrus
196 2689 288 2726 Thesaur.
297 2688 405 2724 ecclesiast.
413 2688 456 2726 Vol.
464 2690 490 2732 II,
499 2703 517 2736 p.
526 2690 560 2726 322
569 2712 591 2717 —
599 2690 723 2727 substituisse
734 2691 755 2726 In
766 2690 830 2726 locum
837 2688 886 2725 tuni·

96 2746 136 2779 cae,
145 2735 235 2781 quoniam
246 2734 267 2770 in
278 2745 301 2770 eo
313 2732 427 2778 offenderet,
439 2736 490 2780 qnod
502 2736 589 2772 dommus
600 2740 665 2772 noster
675 2737 731 2772 lIesus
740 2734 829 2772 Christus
838 2745 886 2774 eum,

96 2779 122 2815 cd
130 2790 185 2825 quem
195 2780 256 2827 ipsius
267 2779 326 2816 verba
338 2782 382 2815 sunt
391 2779 471 2824 directa,
483 2781 561 2827 juberet
568 2782 632 2829 ipsum
639 2781 697 2828 plane
705 2781 777 2817 nudum
785 2777 887 2817 incedere?

96 2824 165 2862 Varias
173 2826 270 2870 vocabuli,
280 2825 398 2873 quodetiam
407 2826 532 2871 „scapulare“
541 2827 605 2863 velere
615 2827 672 2862 docet
679 2827 711 2862 Du
719 2826 792 2862 Fresne
803 2826 887 2862 Closscr.

96 2869 122 2907 ad
131 2869 199 2918 Script.
207 2871 256 2909 med.
265 2875 285 2908 et
292 2870 351 2907 infim.
360 2870 425 2907 Latin.
435 2870 457 2905 Τ.
466 2871 499 2916 IV,
507 2884 525 2918 p.
533 2870 574 2915 491,
583 2871 738 2919 significationes
747 2872 848 2920 congessit
855 2869 887 2905 hic
