1827 3065
83 144 126 188 256
292 154 669 192 1111111111111111111101111.ο11111.

84 256 211 303 pracferenda
223 261 264 293 erut
276 256 317 292 cod.
330 254 345 290 O
358 255 425 290 lectio:
439 255 504 301 ἔλεγον
515 254 600 297 31111111
608 253 705 289 Homiliis.
716 275 739 280 -
752 253 775 289 V.
784 253 796 289 5
804 254 824 290 in
833 260 871 296 cod.

85 303 153 339 orient.
161 302 293 339 Tischendorf.
301 304 353 336 recte
363 300 454 346 scriptum
463 303 502 335 cst:
516 301 633 336 ιλίκαιονκαὶ
640 298 726 346 ιἰρέσκον,
737 310 761 334 ne
775 310 799 334 ue
808 301 871 349 displj.

86 352 118 385 cet
126 349 212 395 ejusdem
216 348 261 383 libri
268 347 370 392 scriptura,
373 347 417 391 jm'e
423 358 473 381 nunc
480 345 538 381 etiam
544 345 565 380 in
570 345 622 392 Epit.
629 346 697 391 prioris
705 343 726 380 C.
732 344 770 381 XV
786 352 871 393 recepta:

85 398 183 441 γέγονεν
196 395 206 429 ὁ
219 394 294 442 κόσμος.
306 413 330 417 -
343 392 366 428 V.
374 394 385 426 8
394 392 414 426 in
423 391 490 427 eodem
498 390 604 426 invenitur:
618 390 628 426 ὁ
637 392 658 428 δὲ
666 394 756 441 Πέτρος
765 390 813 439 πρός
821 397 870 440 cett,

87 451 135 485 quae
148 440 250 485 seriptrna,
262 437 303 472 veri
311 437 346 472 illa
358 437 438 473 similior
450 448 506 483 quam
517 437 605 482 vulgata,
618 440 648 472 est
660 436 718 471 etiam
730 436 749 471 in
760 436 815 473 codd.
823 437 871 484 Epic¹

86 485 120 520 Dr.
128 506 151 510 -
159 484 181 519 V.
191 485 211 518 11
221 493 269 529 quae
279 486 323 518 sunt
331 482 395 527 verba,
405 482 426 518 in
434 483 475 519 cod.
484 482 551 519 orient.
560 481 694 517 Tischendorf.
703 485 722 517 et
730 482 751 516 in
759 481 814 518 codd.
822 482 871 530 Epit.

48 535 50 539 ⁴
86 531 120 566 Dr.
129 529 157 564 sic
165 530 237 575 scripta
245 528 368 564 inveniuntur
376 535 397 563 ut
405 528 426 564 in
435 529 475 564 cod.
485 527 516 573 0,
527 528 565 563 nisi
577 528 628 574 quod
635 528 670 563 ille
678 527 758 573 praebet
767 537 871 576 συντροφία

85 577 166 620 πονηρᾷ,
175 578 197 609 ut
205 574 256 620 Epit.
265 586 302 620 prz,
312 573 332 609 hi
341 577 406 610 alitem
413 574 461 611 haec
469 575 505 610 duo
514 573 572 610 verba
579 573 636 620 plane
643 574 739 609 omittunt.
755 572 782 608 Et
787 568 871 619 profecto

85 633 108 657 ea
115 620 164 656 nihil
173 620 226 656 alind
233 619 324 656 ridentur
332 631 375 656 esse
384 631 441 667 quam
448 620 502 656 varia
510 619 569 656 lectio
578 619 604 655 ad
611 619 670 655 verba
679 623 769 665 oorquz‘c
780 620 832 666 δεινή
842 622 872 656 ad·

85 666 162 712 scripta.
173 688 196 692 -
208 666 232 702 V.
242 667 316 702 13-16
324 666 344 701 in
352 666 404 713 Epit.
413 666 491 703 alterius
500 677 576 712 prorsus
585 666 613 701 ita
622 665 689 711 scripti
696 664 817 711 reperiuntur
824 669 846 700 ut
853 666 872 703 in

84 711 126 748 cod.
135 710 166 755 0.,
175 723 220 747 nom
229 711 324 757 scriptura
332 714 454 750 ἐπιοσλώσαν
462 715 528 758 aperte
536 711 586 747 nihil
594 711 648 746 aliud
656 711 694 746 sibi
701 711 744 745 vult
752 721 817 756 quam:
831 714 871 748 lm.-

84 757 202 794 6ολώσαντα.
226 756 295 792 Lectio
309 757 350 793 cod.
362 756 455 805 ‘Angelici
467 768 525 803 supra
539 769 557 804 p.
571 758 592 792 16
606 756 626 791 111
638 756 689 803 Epit.
702 756 770 801 prioris
784 754 804 790 O.
816 755 872 794 XVII

82 806 166 848 recepta,
171 805 265 849 quatenus
271 802 289 837 ci
293 805 385 849 praestet,
392 815 448 849 quam
452 803 522 848 reliqui
527 801 652 849 Epitprioris
661 802 706 838 libri
714 803 871 848 mscrpraebent,

84 848 173 895 equidem
185 860 223 884 non
235 848 331 893 intelligo,
351 848 377 883 Et
385 848 438 894 quis,
447 847 482 883 illa
490 848 533 893 ipsa
540 847 599 883 verba
607 848 627 882 in
635 848 678 883 loco
686 846 871 893 Homiliarumrepo-

83 894 147 929 nenda
159 905 210 936 esse,
223 894 338 939 persuadere
351 893 388 929 sibi
400 892 475 940 possit?
494 893 521 928 At
534 893 648 938 scripturae,
662 904 710 939 quae
722 892 842 938 reperiuntur
853 893 873 929 in

84 939 183 975 codicibus
192 939 330 985 Epitomarum‚
338 939 405 974 favent
414 939 438 983 ei,
447 938 480 984 qui
488 938 615 974 Homiliarum
623 939 687 974 locum
695 941 775 973 censeat
782 939 810 972 ita
817 936 871 973 refin-

84 984 168 1031 gendum
177 995 228 1020 esse:
238 984 302 1032 ὥσπερ
310 987 385 1021 καπνοῦ
393 986 467 1029 πλῆθος
475 989 501 1025 εἰς
509 985 542 1021 ἕνα
550 985 603 1020 οἶκον
611 983 623 1028 ή
628 998 698 1020 κοντα
706 983 740 1020 τὸν
748 983 821 1033 κόσμον
828 986 871 1019 cett.

128 1030 150 1065 P.
158 1030 188 1074 41,
197 1031 208 1065 3
217 1041 244 1076 sq.
253 1032 328 1076 oportet
336 1029 416 1065 verbum
424 1028 450 1067 ὢν
458 1033 503 1065 ante
512 1032 546 1066 τοῦ
552 1028 613 1074 πυρὸς
624 1029 729 1065 collocetin·
736 1048 742 1071 ,ι
749 1039 809 1075 aeque
816 1033 872 1074 atque

84 1075 130 1112 ὄντα
138 1076 159 1110 in
166 1075 239 1120 verbis,
252 1086 300 1121 quae
308 1074 391 1131 porrigit
398 1074 449 1121 Epit.
458 1075 512 1111 alter.
522 1074 542 1111 C.
551 1074 619 1112 XVII:
633 1074 667 1112 τόν
678 1077 699 1111 di
708 1075 761 1114 ἔντος
769 1076 804 1110 τοῦ
812 1074 872 1121 πυρὸς

85 1120 130 1158 ὄντα
138 1124 249 1167 ἐκβληθῆναι
257 1134 335 1157 καπνον.
344 1143 368 1147 -
379 1121 402 1156 V.
411 1121 434 1155 16
445 1120 537 1156 articulus
547 1120 574 1161 nl,
584 1131 641 1167 quem
648 1119 761 1155 Dresselius
770 1130 793 1155 ex
801 1119 842 1154 cod.
851 1118 871 1155 Ο.

84 1167 167 1212 recepit,
176 1166 222 1202 ferri
230 1166 306 1202 omnino
314 1166 387 1212 nequit.
411 1165 494 1201 Vidctm·
504 1166 520 1201 is
533 1177 556 1202 er
566 1165 635 1201 ultima
646 1165 755 1212 antegressi
766 1164 820 1201 verbi
832 1168 872 1201 ι’πι-

85 1211 156 1259 φνόντα
165 1212 242 1257 syllaba
249 1212 280 1247 bis
289 1211 362 1258 scripta
370 1215 422 1247 ortus
431 1222 480 1247 esse.

132 1257 191 1301 Plu,
204 1257 214 1292 6
227 1257 293 1292 nescio
306 1257 435 1303 suscriptum
447 1256 514 1292 fuerit:
532 1258 555 1302 τῆ
570 1260 623 1306 περὶ
637 1258 672 1292 τοῦ
688 1254 790 1304 προφήτου
803 1254 871 1305 ὁμιλίᾳ,

86 1301 176 1337 similiter
184 1305 242 1348 atque
250 1303 316 1348 paullo
323 1302 374 1337 intra
381 1315 399 1338 v.
408 1302 519 1348 ascriptum
528 1297 566 1338 est:
580 1302 614 1339 τὸν
622 1306 666 1349 περὶ
675 1301 775 1349 προφήτου
784 1300 846 1346 λόγον,
855 1304 873 1335 et

84 1359 102 1393 p.
110 1348 142 1392 43,
152 1348 183 1382 101
200 1352 237 1384 τῶν
247 1352 289 1393 περὶ
298 1347 399 1396 προφήτου
411 1348 477 1395 λόγων.
489 1371 512 1375 -
524 1348 547 1384 V.
556 1348 615 1394 Ssqq.
629 1359 677 1394 quae
689 1348 785 1394 leguntur,
798 1345 872 1381 eumin

84 1392 162 1428 modum
174 1397 263 1439 corrupta
275 1403 317 1428 esse
328 1404 440 1439 persuasum
451 1392 523 1438 habeo,
535 1397 558 1428 ut
568 1393 611 1439 ipsa
622 1392 720 1439 scriptoris
731 1392 790 1428 verba
796 1391 873 1426 restitui

84 1442 187 1483 nequeant.
204 1437 322 1484 Scripturam
330 1439 441 1475 κελεύσαντα
448 1439 526 1485 propius
535 1439 627 1474 accedere
636 1439 661 1474 ad
668 1438 697 1482 id,
707 1437 758 1484 quod
765 1448 830 1473 verum
837 1445 872 1480 est,

85 1494 142 1529 quam
151 1484 264 1530 scripturam
272 1483 399 1528 κελεύσαντος,
408 1484 456 1518 milri
464 1496 502 1519 non
509 1484 586 1519 videtur
594 1484 697 1528 credibile,
706 1483 793 1529 quamvis
801 1482 872 1517 intelli-

85 1540 136 1575 gam,
144 1540 211 1564 rocem
218 1529 277 1565 αὐτοῦ
284 1529 343 1565 solam
349 1532 400 1565 stare
407 1540 471 1584 posse,
481 1530 497 1564 si
504 1541 547 1565 cum
554 1531 671 1576 antegressis
679 1529 743 1565 verbis
749 1531 872 1564 construatur.

85 1575 103 1610 V
104 1574 167 1610 eriest
173 1574 241 1618 simile,
251 1579 295 1621 post
301 1575 360 1610 αὐτοῦ
364 1580 490 1617 κελαυσαντος,
501 1576 613 1621 quaeverba
618 1587 660 1611 cum
665 1573 825 1610 antecedentibus
830 1584 873 1609 eon·

82 1620 118 1665 jun
134 1619 184 1655 enda
189 1619 284 1664 videntur,
291 1619 347 1666 plura
352 1620 516 1665 excidissererba,
523 1620 618 1656 hancfere
624 1620 740 1657 sententiam
745 1618 872 1655 continentia:

85 1632 223 1709 „adtondeban-
234 1666 258 1701 ab
270 1665 323 1712 ipso,
336 1666 388 1712 quod
395 1669 478 1701 mentem
488 1666 549 1713 ipsius
559 1677 620 1713 aeque
631 1668 680 1702 bene
690 1665 818 1701 reddidissem
826 1675 848 1700 ac
858 1664 873 1698 si

84 1711 126 1757 ipse
135 1711 259 1757 scriptionem
267 1711 416 1757 composuisset,
441 1722 465 1747 uo
473 1711 538 1748 facto‘t
550 1714 596 1756 cett.
614 1711 703 1747 Ceterum
712 1711 745 1746 cfr.
753 1722 801 1757 quae
810 1710 873 1756 dispu-

84 1756 134 1792 tarit
140 1755 258 1793 Uhlhornius
267 1756 300 1792 lc.
309 1769 327 1803 p.
332 1758 365 1792 101
373 1769 400 1803 sq.
408 1779 432 1784 —
458 1785 462 1792 .
470 1758 491 1792 11
495 1770 529 1804 pro
536 1757 587 1806 ὅμως
592 1758 713 1794 scribendum
720 1768 798 1793 censeo:
808 1757 836 1810 op
842 1758 872 1796 ὠς.

130 1802 152 1839 Ρ,
160 1801 190 1846 43,
199 1804 209 1838 6
217 1802 250 1837 vir
257 1813 305 1848 opus
314 1806 373 1838 estut
381 1814 474 1847 moneam,
484 1803 597 1850 scriptrnam
605 1803 626 1840 τὸ
635 1803 709 1847 λοιπὸν,
718 1814 774 1849 quam
783 1801 873 1839 exhibent

85 1847 139 1884 codd.
145 1848 301 1894 Epitutriusqne
308 1846 382 1884 CXIX
387 1860 421 1895 pro
427 1848 489 1895 priore
497 1851 594 1892 τοσοῦτον,
602 1849 705 1897 genuinam
712 1859 754 1884 esse
760 1848 873 1884 habendam.

130 1893 152 1929 P.
163 1894 192 1937 44,
206 1895 217 1928 3
230 1893 340 1929 offendebat
349 1895 390 1941 jam
401 1893 494 1930 Davisius
506 1894 526 1929 in
538 1895 602 1930 verbis
613 1900 645 1932 καὶ
657 1898 726 1941 ταχέως
738 1897 800 1940 λαβεῖν
813 1897 832 1929 et
844 1896 874 1928 καὶ

84 1940 168 1985 βραδέως
178 1939 204 1987 μή
216 1943 280 1984 τιήιῖν
292 1938 347 1974 simul
358 1940 433 1985 positis.
456 1939 476 1974 Is
488 1940 603 1988 corrigenda
613 1951 655 1976 esse
667 1940 735 1976 verba:
751 1944 782 1976 καὶ
792 1941 873 1986 βραδέως

84 1984 111 2032 μή
120 1989 191 2032 τυχεῖν,
205 1983 303 2019 censebat.
327 1983 449 2032 Schweglero
461 1989 528 2021 contra
539 1986 606 2022 eadem
614 1985 749 2022 transferenda
759 1985 874 2022 videbantur

85 2030 105 2064 in
120 2033 232 2075 sequentem
248 2039 328 2065 versum.
352 2029 395 2076 Ego
409 2042 447 2066 non
461 2030 537 2074 dubito,
552 2032 599 2077 quin
612 2032 688 2068 illarum
703 2031 808 2067 dictionum
822 2029 873 2065 idem

85 2075 238 2123 significantium
248 2085 288 2110 una
299 2085 322 2110 er
334 2074 373 2110 alio
385 2086 422 2121 quo
433 2076 538 2122 exemplari
549 2077 574 2112 ad
585 2077 665 2113 alteram
673 2076 771 2123 adscripta
778 2080 836 2123 atque
846 2074 873 2110 sic

84 2124 156 2157 temere
164 2122 265 2157 verborum
274 2120 295 2155 in
303 2120 389 2155 ordinem
397 2120 453 2156 illata
462 2121 492 2156 sit.
501 2142 524 2147 -
532 2122 563 2157 De
569 2123 604 2157 u‘l
613 2123 646 2158 cfr.
656 2123 699 2157 adn.
708 2124 733 2157 ad
742 2134 760 2167 p.
769 2123 807 2167 231,
816 2123 832 2158 2.

130 2167 151 2203 P.
157 2166 186 2211 45,
195 2165 267 2202 Scodd.
274 2166 326 2213 Epit.
332 2166 366 2201 Dr.
373 2170 393 2201 et
400 2167 441 2201 cod.
448 2177 474 2201 or.
481 2165 614 2203 Tisshcndoff,
623 2166 705 2203 offerunt
713 2166 792 2203 formam
798 2171 872 2208 Αἰνέας,

84 2215 106 2246 111
115 2212 156 2247 cod.
166 2210 197 2256 0.,
209 2223 242 2258 pro
255 2222 292 2256 qua
303 2212 375 2247 nollem
388 2212 479 2259 scriptum
491 2216 551 2248 esset:
564 2217 646 2254 Αἰνείας,
671 2211 709 2248 Otr.
721 2212 779 2249 etiam
790 2212 873 2249 adnotb'

84 2257 110 2292 ad
118 2257 170 2303 Epit.
178 2258 246 2304 prioris
256 2257 276 2293 C.
284 2256 329 2292 XX.
337 2279 360 2283 -
371 2257 394 2294 V.
405 2258 426 2293 10
435 2257 557 2293 scribendum
565 2262 604 2294 est:
616 2258 654 2307 μήν
661 2273 695 2307 γε,
707 2263 727 2294 et
735 2270 778 2295 cum
786 2259 837 2305 Epit.
846 2269 873 2303 pr.

85 2306 105 2338 et
114 2303 154 2338 eod.
164 2301 185 2338 Ο.
194 2303 301 2338 omittenda
310 2303 379 2349 copula
386 2307 422 2346 καὶ,
431 2306 519 2349 quaeest
527 2307 571 2339 ante
581 2305 590 2340 ὁ
600 2307 634 2340 τοῦ
639 2306 711 2351 Σαφρᾶ,
718 2306 760 2351 J'am
765 2308 872 2351 propterea,

85 2348 136 2394 quod
145 2349 173 2383 sic
182 2348 256 2383 demum
265 2348 349 2384 sedecim
358 2352 492 2384 enumerantur
497 2360 594 2396 personae.
602 2371 625 2376 —
634 2350 658 2386 V.
667 2351 687 2385 13
695 2350 826 2397 reponendum
833 2351 871 2385 est:

85 2394 119 2430 τὸν
127 2400 254 2443 προκείμενον
262 2393 362 2442 ἒνκόψυς
370 2394 435 2443 λόγον,
449 2405 509 2441 aeque
521 2400 578 2441 atque
589 2395 639 2431 infra
649 2408 667 2442 p,
676 2395 716 2440 163,
725 2396 737 2431 4
745 2396 838 2443 scriptum
845 2394 872 2428 in-

83 2440 168 2475 venitrn':
183 2440 217 2476 τὸν
225 2440 282 2487 λόγον
290 2439 376 2486 ἔγκόψας.
399 2440 464 2476 Etiam
472 2453 490 2487 p.
499 2441 539 2485 371,
548 2443 559 2475 6
567 2441 647 2477 confusa
656 2444 700 2477 sunt
708 2441 767 2477 verba
775 2441 873 2478 ἐκκόπτειν

85 2488 105 2520 et
117 2485 224 2533 ι’φκόπτειν,
236 2495 298 2530 neque
310 2485 360 2520 enim
372 2486 448 2531 dubito,
462 2485 508 2531 quin
519 2497 553 2533 pro
565 2486 646 2533 ἐκκόψας
657 2486 779 2522 scribendum
788 2487 823 2522 sit:
840 2489 873 2533 ἓν·

84 2529 109 2567 κό
115 2540 162 2575 φας.
185 2530 285 2567 Vocabulo
297 2530 367 2578 ἔφκοπή
375 2543 421 2567 usus
430 2534 460 2568 est
468 2531 500 2568 hic
509 2532 590 2578 scriptor
598 2545 615 2578 p.
624 2533 652 2575 33,
662 2533 689 2568 10.
702 2532 739 2568 His
748 2533 819 2568 dudum
828 2530 872 2567 scri-

84 2575 123 2622 ptis
137 2576 230 2623 cognovi,
247 2576 301 2612 codd.
313 2576 366 2623 Epit.
374 2578 454 2613 alterius
467 2581 487 2613 et
498 2577 555 2614 binos
568 2578 622 2614 codd.
634 2577 686 2624 Epit.
699 2578 767 2625 prioris
780 2579 872 2614 hocloco

84 2632 150 2657 revera
157 2621 249 2668 praebere
258 2621 319 2668 ipsam
328 2622 452 2669 scripturam:
465 2624 499 2660 τὸν
507 2628 633 2671 προκείμενον
641 2624 723 2673 ἐγκόφας
731 2623 792 2671 λόγον.

130 2666 152 2701 P.
160 2667 189 2712 46,
197 2668 207 2702 ἵ
216 2669 282 2703 nescio
292 2679 317 2703 an
323 2669 454 2715 reponendum
466 2669 502 2704 sit:
515 2673 532 2705 ελ
542 2671 578 2718 μὲν
589 2669 641 2706 doto
654 2673 682 2711 τίς
693 2684 723 2710 τι,
734 2669 774 2704 vel:
787 2669 838 2706 ἀνύει
847 2683 872 2709 τι,

86 2714 106 2746 et
114 2723 131 2745 v.
140 2713 170 2747 19:
183 2715 240 2749 τοῦτο
246 2717 324 2761 χαρίζου
332 2735 355 2740 -
364 2714 385 2750 τό
395 2714 429 2751 τόν
437 2719 481 2762 περὶ
490 2717 542 2759 cett,
552 2714 584 2750 cfr.
593 2727 611 2761 p.
619 2714 648 2757 47,
659 2715 685 2749 17.

130 2756 152 2791 P.
160 2758 188 2799 41,
197 2758 207 2793 9
216 2758 391 2805 interpungendum
403 2763 441 2794 est:
455 2759 534 2797 δύναται
544 2782 568 2786 -
579 2762 636 2797 τοῦτο
648 2759 682 2796 οὐκ
690 2763 736 2794 cett.
749 2780 772 2785 —
783 2759 806 2796 V.
815 2761 837 2796 16
846 2769 872 2803 sq.

86 2799 207 2847 Schweglero
217 2806 358 2851 ἐνεδρευθῆναι,
367 2805 399 2840 vel
408 2804 469 2840 simile
478 2805 552 2851 aliquid
559 2807 604 2851 post
612 2808 732 2851 νομίσαντας,
741 2804 788 2840 mihi
795 2804 873 2852 partiei-

85 2847 138 2894 pium
146 2847 195 2891 tale,
205 2849 260 2893 quale
269 2851 421 2897 ἐνεδρευθέντα,
430 2853 475 2896 post
483 2850 566 2898 εὑρήσεις
574 2849 696 2887 intercidisse
704 2851 786 2886 videtur.
