1827 3065
171 104 202 137 au
211 105 345 140 0111111111
353 106 408 140 rou.
418 107 541 145 00111111.
549 104 670 139 Houmms.
774 95 816 139 260

32 218 66 249 tam
74 202 144 240 Homil.
153 202 187 249 lV,
196 204 218 239 16
227 215 283 250 quam
294 204 350 242 Hom.
358 205 392 250 VI,
404 206 416 241 2
425 204 504 242 Caelum
515 217 527 241 a
539 204 630 252 Saturno,
643 216 683 240 uon
694 203 797 240 Saturnum
805 218 817 241 a

31 258 73 295 Jove
88 251 193 301 castrat-um
205 251 346 301 commemorari
357 254 415 297 atque
429 251 490 287 altero
501 251 545 287 loeo
559 251 618 287 etiam
630 250 727 287 Venerem
739 249 794 286 Caeli
806 262 817 286 e

32 305 119 344 sanguine
132 297 201 337 ortam,
216 305 263 340 qum
274 296 337 342 priore
348 297 391 332 loco
402 296 506 342 Venerem,
520 297 606 344 quamvis
615 295 670 333 Jovis
683 306 736 331 soror
746 306 788 331 esse
797 299 817 331 et

31 344 102 384 Didone
114 340 274 385 10001010101111,
287 352 348 387 aeque
359 345 418 388 atque
428 342 473 384 1100,
489 344 513 378 de
525 354 562 389 quo
568 344 608 390 jam
617 342 683 390 agitur
691 341 744 386 loco,
752 343 817 377 tamen

32 388 135 430 caelestem,
145 385 233 431 οὐρανίαν
242 386 340 432 appellari,
348 399 386 423 non
395 387 485 433 placebit,
494 388 567 435 opinor,
576 392 651 425 mutare
658 388 718 424 verba
727 389 746 427 ἐξ
755 387 817 434 Οὖρο-

31 437 65 477 ,aa
78 431 145 467 Potius
156 431 184 467 sie
190 431 316 477 judicandum
326 433 369 478 erit,
380 433 469 479 aliquem,
481 444 539 480 quum
550 434 570 469 in
582 446 612 481 ea,
628 446 685 481 quam
694 432 817 479 sequebatur,

31 476 137 520 recensione
147 477 240 523 scriptum
247 477 373 524 repperisset:
386 479 414 514 dn
425 480 446 515 δὲ
454 483 542 527 μίγνυται
550 480 623 529 1111.οη
633 496 654 527 τη
663 495 714 526 aurp
722 483 816 528 γενομένη

32 525 64 567 ἀπὸ
73 525 106 568 τῆς
115 522 191 569 Κρόνου
203 525 290 572 inopie,
301 523 380 559 illorum
390 524 470 559 aliorum
482 525 565 561 locorum
576 521 688 570 meinor'em,
701 527 816 561 adnotasse:

32 577 47 614 ἐξ
56 569 141 614 Οὐρανοῦ
148 573 178 604 καὶ
188 568 289 613 Θαλάσσης,
300 572 358 615 atque
366 569 394 605 ita
402 569 450 605 haee
459 571 519 606 verba
527 571 548 606 iu
555 575 635 617 textum,
644 583 701 619 quem
710 571 816 619 appellant,

32 627 69 655 esse
80 614 141 651 illata.
160 615 236 650 151010
248 613 290 649 fieri
301 618 398 660 potestat
410 615 461 650 idem
474 616 532 652 tuerit
544 617 577 663 qui
587 617 643 653 Hom.
655 617 689 659 iV,
702 619 724 653 16
739 616 816 653 addidit

31 661 93 700 verba:
103 664 133 696 καὶ
142 663 165 703 νῆ
173 660 250 707 οὐρανίᾳ
255 659 363 710 Ἀφροδίτη,
372 660 395 705 ἣν
403 674 452 702 τινες
460 661 556 707 Δωδώνην
564 666 638 709 λέγουσι
643 693 648 708 ,
660 663 699 698 illis
712 662 816 698 siurillillla,

31 710 74 746 usse
83 709 148 742 autem
155 697 205 741 haee
216 705 275 741 verba
287 704 347 741 serius
356 706 423 742 addita
431 706 455 742 ab
465 707 503 743 alia
513 719 578 752 manu,
589 709 641 752 luce,
653 710 728 756 opinor,
744 707 816 744 clarius

33 757 63 791 est.
74 752 143 798 Neque
151 751 201 787 enim
210 751 317 787 audiendus
323 750 378 796 foret,
388 752 404 786 si
412 751 455 798 quis
464 752 490 796 id,
499 753 550 799 quod
555 753 621 790 Venus
629 755 685 791 Hom.
692 754 726 800 IV,
732 755 755 789 16
764 764 817 789 50101

32 798 80 837 10115
92 797 211 844 appellatur,
226 796 271 832 inde
286 796 420 842 explicandum
435 803 531 842 censeret,
545 799 597 845 quod
604 799 696 847 Juppiter
710 799 816 835 secundum

32 843 119 892 quosdam
130 842 252 889 mythologos
265 841 319 878 Caeli
330 841 382 878 filius
394 847 435 879 erat
448 843 488 886 (011.
501 843 562 880 Cicer.
575 844 598 880 de
610 845 654 881 Nat.
666 846 724 882 Deor.
736 844 791 889 ilia
803 843 816 890 ).

32 892 75 927 Nam
85 888 213 924 Homiliarum
226 887 306 934 scriptor
319 888 393 924 nullum
402 892 480 935 praeter
492 890 594 926 Satin-num
603 890 657 926 Jovis
669 894 745 937 patrem
756 889 816 925 novit.

31 935 93 973 Potius
101 934 164 977 bomo,
173 945 229 980 quem
238 933 324 977 dicimus,
336 945 393 980 quum
402 936 435 979 τἠν
447 936 535 981 οὐρανίαν
544 936 656 984 Ἀφροδίτην
664 936 718 973 doris
731 945 816 971 sororem

33 991 70 1017 esse
78 979 135 1025 velit,
146 979 242 1016 Venerem
251 979 307 1014 simul
316 990 339 1014 ex
348 978 406 1015 Coelo
415 984 434 1016 et
446 980 527 1016 Saturno
535 981 629 1028 originem
641 982 717 1017 dimisse
726 980 816 1016 statuerit

32 1036 106 1062 neeesse
120 1028 158 1068 est,
174 1036 222 1070 quae
236 1024 303 1060 eadem
318 1025 414 1061 sententia
426 1026 514 1062 extricari
524 1030 589 1072 potest
601 1038 624 1062 01
634 1027 698 1063 verbis
712 1027 733 1061 in
744 1025 816 1061 HomiL

32 1071 51 1118 V,
59 1071 81 1105 13
88 1069 166 1151 positis,
179 1070 195 1105 si
207 1070 280 1105 locutio
290 1070 300 1115 ἦ
308 1070 383 1116 Κρόνου
391 1071 460 1120 triopa
468 1071 585 1118 intelligitur
594 1072 617 1107 de
627 1072 751 1116 castratione,
759 1082 817 1116 quam

32 1116 75 1152 iecit
104 1119 189 1152 aturnus.
214 1114 307 1151 Saturnus
322 1116 373 1151 enim
385 1119 471 1152 castrans
487 1115 566 1152 Caelum
581 1124 639 1163 atque
653 1117 682 1152 ita
696 1115 783 1151 0111010115
794 1118 817 1149 ut

31 1162 92 1198 Venus
101 1165 218 1206 nasceretur,
227 1160 365 1207 quodammodo
375 1164 394 1197 et
402 1162 444 1207 ipse
452 1174 485 1208 pro
494 1165 549 1208 patre
556 1161 638 1197 Veneris
646 1162 818 1207 haberipotest.—

32 1207 116 1252 Denique
125 1208 183 1242 etiam
190 1206 227 1241 hoc
237 1206 324 1254 dignum,
336 1206 361 1241 ad
369 1208 420 1252 quod
428 1207 549 1251 attendatur,
557 1207 609 1242 hune
617 1207 682 1242 locum
690 1209 710 1242 et
719 1217 772 1248 eum,
784 1205 818 1251 qui

31 1252 71 1287 huie
79 1252 184 1297 respondet
192 1252 213 1287 in
219 1251 321 1299 Recognit,
330 1251 355 1295 X,
364 1252 391 1296 20,
400 1253 468 1287 unicos
477 1263 520 1287 esse
527 1251 597 1297 videri,
608 1252 629 1287 in
640 1252 709 1298 quibus
718 1251 730 1286 J
732 1262 786 1286 ovem
795 1261 818 1285 ex

31 1297 102 1334 Venere
112 1297 184 1344 Cyprin
192 1297 294 1333 sustulisse
304 1308 449 1332 eounoscamus.
469 1296 560 1333 Amorem
570 1296 625 1332 Jovis
637 1301 656 1333 et
664 1296 746 1333 Veneris
754 1295 816 1331 filium

32 1342 117 1389 agnoseit
135 1343 194 1378 etiam
204 1341 286 1377 Rufinus
299 1342 319 1376 in
327 1324 416 1388 lteeogn.
428 1342 453 1386 X,
467 1341 499 1376 34:
513 1341 576 1386 „Nam
590 1343 613 1378 de
624 1342 700 1379 Venere
710 1341 747 1377 hoe
760 1341 818 1377 modo

32 1389 140 1435 allegoriam
148 1388 237 1423 tradunt:
250 1388 290 1431 ubi,
299 1389 360 1433 ajunt,
369 1387 443 1423 aetheri
452 1387 495 1433 subj
498 1391 562 1423 ectum
569 1391 598 1423 est
606 1389 694 1435 pelagus,
704 1397 818 1433 0010101101-

33 1445 96 1469 cussus
109 1434 163 1481 aquis
177 1433 268 1479 splendor
280 1433 330 1469 ooeli
342 1432 415 1479 gratior
422 1433 542 1477 refulsisset,
553 1437 646 1469 venustas
653 1444 725 1476 rerum,
737 1443 786 1478 quae
795 1443 819 1467 ex

33 1479 83 1525 aquis
95 1479 180 1527 pulcrior
195 1481 319 1526 apparuerat,
334 1479 401 1515 Venus
413 1478 512 1515 nominata
521 1482 560 1522 051,
575 1490 624 1525 quae
639 1478 714 1515 aetheri
727 1482 818 1524 tanquam

32 1524 83 1560 fratri
91 1538 124 1561 suo
133 1525 212 1568 sociata,
221 1524 272 1570 quod
279 1524 432 1571 concupiscibile
439 1525 498 1560 decus
506 1524 599 1569 effecerit,
605 1524 720 1571 Cupidinem
727 1523 818 1570 genuisse

32 1575 132 1606 memorata
140 1574 189 1606 est.“
213 1570 300 1606 Eandem
309 1570 444 1618 genealogiam
456 1570 543 1616 sequitur
549 1574 664 1616 personatus
671 1569 771 1615 Vergilius
780 1567 818 1603 Cir.

32 1627 46 1650 1.
53 1615 92 1661 131,
99 1617 127 1652 110
134 1619 204 1661 tamen,
210 1618 232 1650 ut
236 1614 332 1651 Venerem
339 1616 443 1651 seermdum
449 1615 553 1651 Homerum
559 1615 620 1651 filiam
626 1627 669 1651 esse
676 1615 689 1651 J
690 1617 731 1650 ovis
739 1617 818 1650 statuat.

32 1660 114 1697 Dubium
123 1672 166 1697 esse
174 1660 250 1707 nequit,
264 1661 311 1706 quin
321 1661 355 1705 iis,
368 1671 417 1707 quae
429 1661 449 1696 in
456 1660 547 1696 Homiliis
557 1664 576 1696 et
583 1661 646 1707 priore
654 1659 817 1708 Recognitiouum

32 1706 71 1742 1000
81 1708 104 1743 de
113 1705 197 1754 Cypride
203 1706 331 1752 pmieruntru,
341 1717 392 1741 error
399 1705 467 1743 subsit.
481 1706 575 1748 Quirmde
581 1710 639 1742 natus
648 1707 679 1749 sit,
687 1717 727 1741 non
736 1703 817 1740 difficile

33 1751 88 1789 dictu.
99 1753 174 1796 Κούρην
180 1750 254 1797 Διώνης
261 1751 337 1800 Κύπριν
345 1752 432 1798 appellat
438 1751 540 1797 Euripides
547 1751 616 1787 Helen,
625 1764 642 1787 1.
649 1751 700 1795 1098,
710 1751 745 1787 sed
750 1749 818 1797 procul

33 1796 87 1833 dubio
96 1798 175 1833 Dionen
183 1797 296 1843 intelligens
308 1797 397 1841 eandem,
411 1809 468 1843 quam
475 1797 548 1844 primus
557 1796 651 1833 Homerus
661 1799 680 1832 et
687 1796 766 1842 plurimi
774 1798 818 1841 post

32 1841 132 1878 Homerum
139 1842 221 1879 Veneris
229 1845 310 1878 matrem
315 1846 396 1886 vocant3
405 1843 422 1877 is
429 1854 479 1886 1010,
489 1843 521 1878 eui
529 1842 610 1878 debetur
619 1841 710 1888 Cypridis
717 1841 790 1878 mentio
798 1840 820 1876 in

32 1886 99 1925 Homil.
109 1891 128 1924 01
137 1888 158 1923 in
165 1887 250 1934 Recogn.
259 1887 318 1932 faeta,
326 1899 426 1934 perperam
435 1888 528 1936 cogitavit
541 1889 564 1924 de
572 1887 648 1924 Venere
657 1888 705 1934 ipsa.
715 1892 719 1896 “
730 1886 820 1922 Ceterum

33 1932 68 1969 ista
76 1934 99 1969 de
108 1933 192 1980 Cypride
199 1933 258 1969 rerba
265 1934 325 1969 serius
335 1933 411 1969 demum
419 1945 461 1969 esse
469 1933 543 1976 addita,
550 1934 608 1970 uobis
618 1933 696 1980 quidem
704 1944 728 1969 ex
736 1944 758 1969 eo
766 1932 819 1967 ride-

33 1981 61 2013 tur
69 1991 166 2026 apparere,
174 1979 226 2026 quod
235 1977 304 2025 Cypris
314 1979 334 2014 in
343 1979 403 2015 011010
409 1978 512 2027 Recognit.
521 1979 564 2015 loeo
573 1980 629 2015 modo
637 1979 733 2025 exscripto
743 1977 819 2014 omnino

32 2035 68 2059 non
76 2028 238 2060 eommemoratm.

74 2070 96 2105 P.
105 2070 145 2116 143,
151 2070 164 2105 4
170 2082 210 2117 sqq,
218 2070 267 2106 haee
275 2069 463 2116 editareperiuntm·:
471 2071 572 2119 Ἀμαλθείᾳ
580 2072 600 2107 dt
608 2071 630 2115 τῆ
640 2068 819 2117 Φώκουὸμοιωθεὶς

33 2113 91 2162 ile-arog
103 2116 238 2159 συνευνάζεται,
250 2120 281 2152 καὶ
288 2115 354 2166 Δανάη
363 2118 385 2166 τῇ
392 2118 486 2164 Ἀκρισίου
491 2116 563 2165 χρυσὸς
574 2108 662 2163 ἔπιρρὺη,
674 2116 694 2154 ἐξ
704 2115 726 2159 ης
735 2112 820 2165 Περιξεὺς

34 2158 107 2209 ἀνέπτη.
119 2165 225 2199 Καλλιστοῖ
235 2164 259 2207 τῇ
271 2161 371 2202 Λυκάονος
382 2161 467 2209 ἦηνριώθη
479 2166 535 2201 λέων,
551 2164 581 2197 καὶ
596 2159 651 2196 iiiior
665 2164 722 2196 τίκτει
735 2158 818 2207 laurada.

33 2203 77 2241 Post
86 2207 214 2249 συνευνάζεται
224 2201 319 2243 0111011550
327 2207 396 2252 verba,
409 2207 478 2253 quibus
490 2206 514 2241 de
522 2205 563 2241 filio
578 2204 710 2252 significatum
719 2208 768 2250 erat,
778 2204 819 2249 J'am

34 2260 54 2284 ex
65 2263 86 2288 00
96 2253 169 2298 elucet,
182 2252 233 2298 quod
241 2251 369 2288 Humiliarum
378 2252 458 2298 scriptor
469 2262 615 2286 commemorare
624 2251 684 2296 solet,
697 2250 731 2297 qui
739 2262 762 2286 ex
770 2249 819 2285 Jove

34 2299 87 2341 atque
99 2297 185 2344 feminis,
197 2297 309 2343 quibuscum
320 2297 430 2341 concubuit,
447 2296 484 2332 orti
497 2296 541 2331 51111,
564 2295 640 2332 Revera
650 2296 671 2331 in
683 2295 786 2343 Reoognit.
794 2293 819 2338 X,

33 2340 53 2375 22
61 2343 126 2390 legere
136 2347 174 2379 est:
192 2341 315 2387 „itlantheam
324 2342 366 2390 (sic)
374 2341 436 2377 Phoci
444 2342 541 2389 (stuprat),
550 2344 636 2389 mutatus
643 2342 664 2377 in
671 2353 742 2385 ursum,
751 2352 774 2375 en
782 2350 820 2385 qua

33 2389 115 2424 nuscitur
126 2388 215 2425 Arctos.“
238 2387 289 2435 Ergo
302 2387 372 2423 laeuna
382 2387 410 2422 ita
426 2386 529 2433 explenda:
545 2388 564 2426 ἐξ
574 2390 595 2433 ἡς
607 2387 683 2435 Ἄρκτος
694 2393 783 2434 ηνίηνπιυ.
796 2404 820 2409 -

34 2429 115 2469 Verbum
124 2435 194 2480 ἀνέπτη
208 2434 225 2469 51
235 2445 247 2469 0
259 2432 351 2479 scriptore
363 2432 490 2468 Homiliarum
501 2431 610 2477 proiectum
618 2437 675 2475 esset,
683 2432 734 2467 hane
743 2434 819 2466 senten-

33 2475 77 2513 tiam
85 2479 210 2516 haberemus:
223 2490 259 2526 „ex
267 2489 304 2524 qua
312 2478 393 2514 Perseus
402 2489 478 2513 sursum
489 2478 579 2513 volavit.“
604 2478 663 2520 Quasi
674 2489 719 2513 1010
730 2476 813 2512 Perseus

34 2525 148 2572 apriueipio
160 2525 233 2571 alatus,
246 2529 338 2570 tanquam
350 2524 399 2559 alter
408 2523 495 2570 Pegasus
508 2534 518 2558 e
531 2534 609 2569 corpore
621 2523 700 2558 Danaes
713 2502 819 2557 evolasseti

35 2564 159 2606 Sor-ibeudum
171 2574 213 2606 aut:
228 2568 338 2614 ἀνεδόθη,
353 2573 396 2604 aut:
411 2569 508 2611 ἀνεῖται,
527 2568 579 2614 quod
592 2568 688 2615 posterius
704 2566 820 2603 vocabulum

34 2613 90 2650 etiam
101 2617 179 2663 propius
190 2616 267 2652 accedit
277 2614 303 2650 ad
314 2614 387 2650 codicis
399 2613 413 2649 C
427 2613 539 2660 scripturam
550 2614 622 2660 ἀνείπη.
646 2614 750 2649 Praeterea
760 2612 820 2649 100110

34 2657 90 2695 alicui
100 2663 121 2697 in
131 2665 215 2697 mentem
222 2661 294 2705 ueniat,
306 2659 358 2695 inter
368 2660 435 2704 durana
446 2660 478 2695 101
489 2658 560 2704 ἀνέπτη
573 2663 592 2695 et
604 2658 820 2697 Kattaorofexeidisse:

35 2704 71 2740 tm*
81 2721 108 2744 τε.
128 2707 155 2742 Ε1
162 2718 234 2751 revera,
242 2709 264 2742 ut
272 2716 323 2741 nunc
331 2706 394 2752 ipsum
402 2706 466 2750 video,
479 2704 612 2751 Schweglerus
625 2705 717 2752 conjecit:
726 2727 749 2732 —
760 2712 820 2752 Περ-

35 2750 89 2791 σεύς.
104 2758 141 2789 καὶ
156 2755 194 2789 ἐπὶ
208 2756 254 2788 0011.
279 2750 317 2787 Sed
332 2763 355 2787 ea
369 2752 481 2798 conjectura
492 2762 531 2786 non
541 2751 618 2787 videtur
630 2762 683 2797 opus.
692 2770 711 2776 —-
727 2751 792 2787 Etiam
801 2752 821 2786 in

34 2799 133 2837 postremis
144 2798 208 2835 verbis
219 2810 258 2834 non
269 2797 335 2834 dubito
348 2797 395 2844 quin
405 2796 479 2845 aliquid
490 2795 589 2832 turbatum
598 2797 629 2832 sit.
653 2795 702 2832 Sunt
710 2808 733 2834 ea
744 2797 821 2833 5101010
