1827 3065
360 133 465 168 EPITOMII
473 135 549 168 PRIOR.
809 125 817 163 l
824 123 850 163 15

61 253 101 282 cere
112 242 132 275 et
145 234 228 282 singulis
240 233 309 269 diebus
321 233 394 280 augeri.
418 233 478 276 Quam
487 234 511 270 cb
520 246 598 270 causam
609 233 643 270 ille
652 233 719 275 statim
727 231 852 268 Aufidianum

60 284 165 338 praesidem
175 279 246 323 mittit,
261 279 294 325 qui
306 290 345 314 non
357 278 419 314 solum
429 291 468 315 non
483 280 564 316 ulterius
578 279 670 327 progredi
685 282 759 315 sectam
772 279 851 323 sineret,

0 321 1 324 ¹
13 345 16 346 ⁷
60 342 123 372 verum
134 331 154 363 et
165 326 204 362 iam
215 327 282 371 captos
292 324 404 368 reduceret,
416 329 542 372 aroearetque
551 338 563 362 a
570 327 650 373 pietate.
674 324 714 360 Hie
725 324 791 371 itaque
799 328 852 371 post-

7 376 9 378 *
61 389 114 428 quam
129 372 246 409 Chersonem
259 370 314 405 venit
329 368 487 417 Christianosque
505 372 612 419 complures
627 371 730 407 tormentis
745 371 812 406 multis
829 382 852 406 ae

60 422 115 462 variis
124 418 202 461 affecit⁷
214 415 291 463 quando
303 427 369 451 omnes
377 416 474 463 proposito
484 420 504 453 et
512 417 620 454 intentione
629 421 725 464 martyres
733 415 794 452 fuisse
802 416 853 451 vidit

60 470 172 519 paratosque
185 473 228 499 esse
241 460 266 497 ad
277 461 332 497 mille
342 465 424 506 mortes,
436 462 482 508 quid
493 462 554 498 facit?
572 462 666 500 Abstinet
674 463 753 510 quidem
761 474 773 498 a
780 462 852 509 populo

60 514 136 555 verium,
144 520 169 545 nc
178 508 236 544 etiam
244 518 267 543 ex
274 507 389 554 primoribus
395 507 466 543 multos
474 507 657 557 faceretmartyrss3
666 509 729 546 solum
734 519 780 544 vero
787 511 852 544 aucto·
866 543 868 546 ,

61 572 98 597 rem
110 554 207 602 reprimit,
220 564 333 599 omnemque
350 552 434 589 furorem
450 553 538 589 immittit
551 555 572 590 in
585 555 663 591 beatum
678 554 728 590 illud
745 553 851 590 Clementis

62 606 122 652 caput.
137 600 196 636 Porro
205 611 248 634 eum
255 597 301 634 huic
310 599 374 634 omnia
383 602 449 634 essent
457 599 508 635 levia
517 602 536 635 et
544 601 616 636 nullius
623 601 723 653 momenti,
732 600 779 646 quin
786 599 852 646 potius

62 664 84 688 ex
92 649 125 692 eis,
134 656 183 692 quae
191 644 233 691 ipse
241 643 358 690 patiebatur,
368 644 437 680 ceteris
445 645 546 691 praeberet
557 646 648 682 maiorem
659 646 761 690 fiduciam,
772 645 852 681 brevem

1 713 3 715 >
63 697 80 733 ei
88 698 107 730 et
115 693 196 728 celerem
205 689 305 736 excogitat
313 690 420 725 discessum
427 701 437 725 e
443 690 490 735 vita,
498 694 555 743 atque
562 691 645 727 adducto
651 695 734 739 martyre
741 692 762 726 in
767 691 852 726 medium

3 770 4 773 ,
13 769 16 784 3
62 751 110 778 mare
119 736 239 782 anchoraque
247 735 310 771 ferrea
318 735 343 771 ad
352 736 423 771 collum
432 735 473 771 eius
483 736 567 783 religata
574 737 595 772 in
600 737 715 784 profundum
722 737 808 773 clemittit
814 736 851 779 Ne,

64 785 129 832 inquit,
138 782 191 817 illius
200 781 233 817 vel
240 781 334 827 reliquiae
342 785 455 817 remaneant
464 781 584 818 Christianis.
745 788 747 791 ’

107 826 205 865 CLXXII.
218 825 283 873 Atque
291 827 326 863 ille
335 827 413 873 quidem
420 828 441 863 in
447 827 538 874 pelagum
544 829 640 876 proiectus
650 832 690 875 est3
700 828 852 864 Christianorum

63 880 124 914 antem
132 873 236 909 multitudo
244 873 265 908 in
274 873 339 909 littore
347 877 400 908 stans
409 874 555 919 lamentabatur⁷
563 876 632 911 misere
641 875 727 911 eiulabat
734 878 754 911 et
760 874 852 909 miseran-

64 924 91 959 dis
100 920 201 957 admodum
207 919 288 955 vocibus
296 919 414 955 inclamabat
423 920 556 967 patriarcham.
570 919 669 956 Cornelius
678 932 723 956 vero
733 924 753 957 et
761 919 852 956 Phoebus

64 966 150 1014 discipuli
163 965 230 1012 quales
242 976 300 1000 voees
312 965 333 999 id
341 965 392 1011 quod
404 965 536 1013 perferebatur
543 967 656 1013 postulabat
664 970 685 1002 et
693 967 732 1013 ipsi
739 978 774 1014 per
782 966 852 1002 clamo-

10 1051 12 1053 ,
62 1026 100 1051 rem
111 1013 211 1055 emittunt,
223 1023 259 1047 nee
268 1010 351 1055 habent,
360 1023 417 1057 quam
425 1011 531 1048 infortunio
542 1012 624 1048 afferant
633 1012 785 1048 consolationem
793 1015 852 1058 atque

2 1060 6 1063 ”
18 1067 20 1069 ’
64 1060 124 1096 aiunt:
138 1056 218 1093 Oremus
227 1057 293 1092 cuncti
300 1069 338 1092 uno
346 1058 416 1102 animo,
425 1061 446 1093 ut
455 1058 511 1094 nobis
521 1058 634 1094 ostendatur
640 1058 730 1104 martyris
739 1069 813 1103 corpus.
827 1056 853 1091 Et

4 1131 6 1133 -
64 1117 104 1142 cum
116 1106 200 1147 orarent,
212 1114 223 1138 o
235 1114 306 1150 magna
317 1106 351 1138 tna
358 1103 451 1139 miracula
459 1103 549 1148 Domine,
559 1103 587 1138 ibi
594 1103 649 1138 Deus
658 1103 733 1149 aliquid
740 1104 812 1139 maiore
821 1102 853 1138 ad-

64 1150 161 1187 miratione
174 1149 254 1195 dignum
265 1148 314 1193 edit,
329 1159 386 1195 quam
398 1149 450 1195 quod
460 1148 532 1184 Moses.
555 1149 633 1184 Etenim
645 1159 697 1183 mare
705 1149 772 1195 procul
779 1147 854 1183 recedit

8 1220 10 1222 ·
63 1196 130 1244 viginti
138 1195 179 1231 fere
188 1194 257 1230 stadia.
281 1193 383 1247 decedens
391 1198 456 1247 autem
464 1194 521 1247 plebs
529 1205 563 1247 per
572 1194 644 1247 sIccum
653 1193 815 1247 solum‚hoe'quo
830 1204 854 1228 ue

6 1265 8 1267 -
17 1239 19 1241 ’
64 1241 153 1278 mirabilis
161 1244 207 1276 tuae
215 1240 324 1287 potentiae,
334 1239 421 1284 Christe,
433 1243 508 1275 invenit
516 1239 601 1286 lapidem
610 1252 630 1275 m
638 1239 700 1275 forma
707 1240 777 1285 templi
785 1241 816 1275 ine
835 1250 853 1275 a·

16 1313 18 1315 ·
64 1288 98 1324 bili
105 1291 139 1322 tua
148 1286 245 1332 sapientia
254 1286 351 1330 effectum,
361 1289 381 1322 et
388 1286 478 1332 martyris
486 1297 554 1338 corpus
562 1284 666 1333 magnifiee
672 1286 693 1320 in
699 1297 721 1321 eo
730 1286 803 1329 iacens,
811 1296 854 1333 gra-

3 1334 10 1372 ἶ,
64 1344 141 1378 remque
150 1333 205 1367 illam
214 1331 318 1367 anchoram
325 1331 412 1384 pronime
422 1343 488 1367 saxum
497 1335 517 1367 et
525 1343 587 1378 ipsam
595 1331 684 1378 positam.

108 1377 215 1414 CLXXHI.
240 1376 280 1413 Sed
288 1376 377 1412 Cornelio
386 1380 406 1412 et
413 1376 492 1412 Phoebo
500 1377 608 1412 revelatum
617 1380 653 1420 cst,
665 1389 690 1413 ne
699 1376 754 1412 illinc
762 1376 854 1412 transfer-

0 1444 15 1464 e.
63 1428 104 1460 rent
113 1436 187 1470 corpus
197 1423 249 1470 quod
254 1423 352 1470 praeclare
362 1422 420 1458 situm
427 1427 468 1458 erat
476 1423 497 1457 in
503 1422 597 1469 profundo
607 1434 629 1458 ac
637 1422 684 1467 fore,
693 1427 715 1458 ut
723 1434 758 1469 per
766 1422 854 1470 singulos

64 1482 154 1505 annonun
166 1469 258 1505 circuitus
270 1472 366 1516 tempore,
380 1480 417 1514 quo
433 1472 506 1515 martyr
520 1472 582 1504 morte
596 1472 738 1504 consummatus
751 1471 790 1512 est,
803 1478 855 1503 mare

0 1517 12 1559 {2²
64 1515 172 1551 adventuris
184 1515 262 1550 eederet
270 1526 305 1561 per
317 1518 391 1560 septem
400 1515 486 1562 integros
496 1514 547 1558 dies,
559 1514 718 1560 permitteretque
730 1514 770 1548 illis
781 1513 855 1549 aditum

64 1561 143 1607 pedibus
153 1565 172 1596 et
180 1561 233 1596 lento
242 1560 305 1608 gradu
313 1571 373 1606 usque
382 1560 407 1595 ad
416 1572 489 1606 corpus.
514 1559 570 1602 Quod
582 1560 681 1595 annuatim
690 1560 715 1595 ab
726 1560 760 1595 illo
768 1563 855 1605 tempore

8 1614 19 1650 ἶ·;
64 1606 124 1642 adhuc
135 1605 244 1652 perficitur,
256 1605 353 1652 habetque
365 1606 419 1641 velut
434 1605 556 1652 praefinitum
568 1606 671 1641 terminum
684 1617 707 1640 ac
718 1605 855 1652 praestitutum

5 1656 18 1681 ἔτ
64 1656 137 1697 tempus
145 1652 250 1687 adventum
258 1651 444 1687 commemorationis
453 1651 549 1697 martyris.
567 1651 619 1686 Hinc
628 1650 689 1686 omnis
701 1650 753 1697 apud
762 1661 795 1685 eos
803 1649 855 1685 Hae-

64 1697 111 1732 resis
123 1701 142 1732 et
155 1696 232 1733 Graeca
242 1696 313 1743 religio
326 1707 393 1731 eversa
405 1700 444 1740 est,
458 1708 501 1731 eum
513 1696 569 1742 signa
581 1699 600 1731 et
613 1696 716 1739 miracula,
731 1706 779 1741 quae
792 1695 821 1730 ibi
834 1694 854 1729 in

1 1741 20 1790 ’,ᾗ
65 1743 153 1778 momoria
160 1742 249 1789 martyris
258 1742 346 1785 eduntur,
356 1745 435 1776 cunctos
444 1741 470 1776 ad
478 1742 609 1788 cognitionem
616 1741 725 1785 adducant,
735 1744 755 1776 et
762 1740 821 1786 plane
830 1739 856 1775 ad

0 1813 16 1833 -
64 1787 164 1823 veritatem
177 1788 283 1833 impellant.
307 1786 386 1822 Nemini
397 1786 448 1821 enim
461 1786 547 1830 illorum,
565 1787 597 1833 qui
610 1786 715 1822 insanabili
727 1786 791 1831 aliquo
803 1785 855 1821 maio

16 1832 22 1844 ⁶
64 1836 198 1878 premerentur7
206 1832 245 1868 alia
253 1843 274 1867 re
283 1843 340 1878 quam
348 1831 472 1884 aquae-illins
478 1832 604 1879 perceptione
613 1835 633 1867 et
641 1831 753 1878 aspersione
762 1843 810 1878 opus
818 1830 856 1866 fuit

0 1871 12 1888 ³'
67 1878 90 1912 ad
97 1879 159 1914 morbi
167 1889 210 1913 eum
218 1889 266 1913 occu
280 1878 332 1913 antis
342 1877 481 1923 depulsionem.

109 1923 215 1959 CLXXIV.
240 1890 279 1958 Sei
294 1923 342 1958 haec
357 1923 434 1968 quidem
448 1923 497 1958 talia
512 1925 557 1958 sunt
571 1926 590 1958 et
602 1923 631 1957 ita
645 1922 728 1966 habent3
748 1922 798 1957 illud
811 1934 856 1959 vero

4 1998 12 2010 „
66 1968 121 2015 longe
136 1969 197 2005 maius
211 1968 347 2014 suificIen'sque
360 1969 385 2003 ad
397 1967 528 2004 confirmanda
542 1968 684 2015 praecedentia.
707 1968 758 2004 Nam
770 1980 822 2012 eum⁷
835 1971 863 2012 ut

68 2015 150 2059 superior
162 2014 222 2050 oratio
238 2014 352 2060 declaravit,
368 2014 388 2048 in
402 2014 484 2060 pelagus
496 2017 568 2060 martyr
579 2013 676 2048 immissus
688 2017 718 2049 est
733 2017 752 2048 et
766 2014 787 2048 in
804 2014 857 2048 sinus

0 2083 11 2098 „
66 2069 155 2104 aquarum
162 2061 270 2107 proiectus,
284 2063 343 2106 atque
354 2070 406 2095 mare
418 2059 496 2106 longius
508 2059 614 2102 abscessit,
627 2059 671 2094 dum
680 2059 735 2105 quasi
744 2059 779 2094 sub
787 2059 857 2105 pedem

5 2132 7 2134 .
67 2103 99 2140 dat
106 2105 169 2141 locum
179 2112 199 2142 et
211 2105 270 2141 index
281 2106 365 2151 corporis
377 2105 492 2141 mirabiliter
503 2104 588 2141 efficitur
599 2116 622 2139 ac
634 2105 707 2139 volenti
715 2104 764 2139 facit
771 2107 857 2149 potesta-

99 2233 139 2276 (lap.
151 2234 229 2267 CLXXI.
251 2232 268 2276 I)
279 2235 309 2267 καὶ
317 2233 448 2266 deestinh—
476 2233 558 2266 Novemh.
567 2231 587 2265 ἓν
596 2228 617 2279 τῇ
628 2231 662 2265 rori
669 2228 725 2276 ἁγίου
733 2228 803 2279 μνήμῃ.
812 2232 858 2264 Male

68 2273 79 2307 ἓ
101 2277 202 2324 ἐπαγαγεῖν
213 2282 233 2312 B.
249 2298 273 2303 —
288 2276 306 2324 3)
321 2276 377 2317 αὐτὸς
390 2280 411 2311 D.
424 2297 447 2301 -
477 2289 516 2320 ergo
525 2277 569 2322 apud
577 2277 693 2321 Nicephorum
704 2277 736 2318 ΠΙ,
746 2274 768 2309 18
778 2277 812 2310 ista
821 2289 858 2311 πα-

2 2320 12 2359 *χ
68 2317 80 2353 4
95 2324 122 2356 Ex
126 2327 230 2364 prirnoribus
237 2326 265 2358 vel
273 2336 311 2357 cum
317 2325 402 2364 Perionio,
409 2330 447 2357 tan-
477 2321 588 2370 pddoffovdc'
599 2335 617 2356 τι
629 2322 662 2365 τῆς
672 2319 748 2369 μνήμης
759 2322 858 2370 ἐνισταμέ-

68 2369 108 2400 deaz.
125 2371 158 2403 Cot.
174 2390 198 2395 —
217 2367 236 2416 5)
250 2372 277 2404 Ita
291 2371 343 2412 BGD,
361 2371 449 2407 πλείονας
477 2366 569 2413 caeciiani
577 2367 681 2413 ἐπιγίνεται
690 2372 778 2402 verterunt
786 2369 818 2402 sic:
832 2370 859 2401 De

69 2413 165 2460 inp-e)
175 2416 201 2450 rai
210 2414 293 2462 rpccyriloi
302 2416 447 2460 suprau....vD.
477 2427 507 2457 qao
519 2425 572 2454 sipara
585 2417 678 2454 optationem
688 2417 784 2455 praescistis
799 2425 858 2446 ineam-

103 2460 142 2504 Ctp.
157 2453 253 2495 CLXXII?
276 2458 294 2507 l)
311 2462 390 2507 ἕνριπτο
408 2458 447 2506 (sic)
477 2464 513 2493 riae
524 2462 602 2501 quiddam
615 2462 680 2492 accidit.
700 2460 747 2500 Lego
758 2470 789 2501 ego
800 2456 859 2493 αὐτοῦ

70 2502 143 2550 0,-2)
153 2508 232 2543 rainoni.
241 2510 260 2541 B.
273 2527 297 2532 —
307 2504 326 2552 3)
335 2509 449 2553 θαυμασίων
478 2510 494 2539 et
510 2506 585 2550 explico:
608 2508 671 2538 Editur
688 2510 741 2537 uestem
755 2507 858 2544 iiioaeaooa,

17 2585 19 2588 ,
70 2548 89 2580 ³1·
97 2560 123 2594 ap.
133 2552 169 2585 Cot.
179 2572 203 2578 —
213 2551 232 2598 4)
241 2550 287 2592 θεὸς
300 2564 332 2586 orn.
343 2553 387 2585 BOD
398 2555 415 2585 et
427 2552 448 2585 al.
478 2554 539 2593 qriorz'es
551 2553 629 2583 adventat
639 2553 673 2583 dics
684 2562 715 2592 quo
727 2552 860 2582 illiasuzemoria

70 2603 96 2637 ap.
105 2596 140 2629 Cot.
149 2599 183 2632 Ol'r.
191 2600 235 2632 Eod.
244 2598 272 2632 14.
286 2618 306 2622 -
321 2595 339 2643 5)
349 2600 420 2632 εἴκοσιν
428 2598 448 2630 D.
479 2599 574 2630 caleti-atat
584 2614 605 2619 —
614 2596 631 2632 2)
640 2593 683 2642 παρ’
694 2593 757 2633 αὐτοῖς
765 2606 798 2628 om.
806 2597 828 2628 D.
836 2614 860 2620 —

18 2683 20 2685 ,
104 2642 143 2686 Cap.
159 2644 254 2678 CLXXIII.
284 2643 298 2688 l)
315 2645 335 2679 ἐν
350 2644 371 2687 ri)
389 2641 449 2689 ἡμέρᾳ
478 2641 672 2688 3)ἒπιλε’λυταιΟ.-
684 2638 861 2686 impacienter

70 2684 204 2732 ϊῆςᾶθλήσεως
216 2689 275 2725 αὑτοῦ
288 2694 314 2724 est
328 2691 346 2723 in
358 2681 449 2723 diemanis
479 2689 522 2722 Bon
532 2691 548 2720 et
559 2688 580 2720 al.
592 2698 618 2731 ap.
631 2688 667 2720 Cot.
682 2706 705 2711 -
718 2683 737 2732 ὃ)
750 2686 860 2735 laniatque-

8 2735 12 2744 ²
70 2735 136 2776 martyr.
147 2732 328 2781 c.21')‚nostrerpit.
338 2747 352 2769 o.
364 2733 400 2768 ¹185.
415 2735 450 2768 nd·
479 2745 518 2769 νων
526 2735 547 2767 D.

71 2780 451 2815 notatOotelerius:ActactFreeulfusclia
515 2779 663 2824 Caponffiv.
687 2774 706 2824 l)
722 2780 753 2813 καὶ
767 2776 791 2817 ὡς
804 2779 824 2812 D.
839 2796 861 2802 -

5 2862 6 2865 Ἴ
68 2825 204 2860 passionarius.
227 2828 452 2870 GregorioTuronensizia
480 2824 498 2869 Ξ)
507 2821 586 2871 μοιχοὺς
598 2835 630 2857 ser.
641 2823 728 2862 D.-3)
739 2826 770 2858 aui
778 2824 834 2868 recepi
842 2835 862 2856 ex

71 2868 96 2898 die
117 2873 223 2904 solemnitatis
243 2876 283 2907 cras.
311 2874 371 2906 Graeci
393 2873 415 2905 ad
429 2869 453 2905 24
482 2869 560 2916 O.-4)
569 2870 623 2915 βυθώ
631 2871 649 2903 C.
664 2888 687 2895 -
699 2869 717 2913 ὃ)
730 2871 798 2904 πολλοὶ
809 2872 835 2907 εἰς
845 2881 861 2913 p.

420 2942 422 2946 .
742 2926 762 2954 gs
