1827 3065
200 108 231 141 AD
241 108 375 142 CLEMENTIS
382 109 439 143 ROM.
448 109 511 147 QUAE
519 108 572 141 FER.
580 107 702 141 HOMILIAS.
804 95 846 140 315

12 204 14 244 J
54 206 175 253 refingendn:
184 207 270 253 πονηρόν
278 209 320 244 ἐστι’
330 223 351 245 ιι
361 212 443 257 μέσον,
452 209 477 250 ὡς
485 208 536 258 ὕδωρ
544 207 617 245 κακὸν
624 209 661 257 μὲν
669 209 719 256 πυρί
726 209 771 242 cett.
783 205 843 243 Voca-

8 258 12 301 ι]
54 254 120 291 bulum
126 257 188 301 μέσον
194 252 293 299 significat
300 265 352 298 „rem
359 254 447 300 mediam,
455 254 616 291 irrdiffer·entern“.
630 252 706 289 Gellius
712 251 815 289 Naana.
821 251 846 295 II,

54 299 110 344 1,18;
119 298 188 343 „Quae
194 299 215 334 in
221 298 284 334 medio
293 302 343 345 sunt,
349 299 447 336 aGraoeis
454 303 495 335 tum
501 300 595 350 ἀδιάφορα
602 304 642 335 tum
648 302 698 349 μέσα
704 297 846 344 appellarisne.

6 355 12 394 ,ξ
53 344 143 392 Denique
154 357 189 391 pro
202 344 298 392 εὐκαίρως,
308 346 360 391 quod
371 357 449 391 prorsus
461 346 555 393 ineptum,
567 346 680 393 legendum:
695 344 794 392 ἀκαίρως
806 343 846 387 „in-

6 414 11 436 23
53 390 186 436 tempestive‘l.
198 410 221 415 -
232 389 255 425 V.
264 389 286 425 18
291 400 332 436 sqq.
345 391 431 437 sequitur
441 391 496 426 locus
507 392 575 438 procul
587 392 646 428 dnbio
656 394 768 436 corruptus,
777 390 812 424 sed
821 389 847 424 ad

7 444 10 480 j
54 436 160 472 sanandum
168 439 209 471 taur
218 433 310 478 difficilis,
319 438 341 470 ut
348 446 384 482 ego
393 447 461 472 manus
471 448 513 472 esse
522 438 648 474 abstinendas
658 447 754 473 censeam.

7 485 10 519 :ff
75 480 96 516 P.
105 480 145 526 388,
154 481 197 528 6sq.
210 480 323 517 Dresselius
334 481 420 527 scripsit:
436 481 482 518 aar&
493 482 514 519 τὸ
525 483 574 533 μετὰ
585 482 619 529 τὴν
631 483 728 532 ἀναίρεσιν
740 481 773 522 τὰς
784 478 846 529 ψυχὰς

7 545 9 548 >
52 526 115 564 αὐτῶν
122 530 248 577 κολαζομένοις
256 528 361 575 διαμένειν,
374 528 430 564 τοῦτο
442 526 502 569 ὄντας
509 530 556 566 εἶναι
561 528 647 576 χαλεπὸν
656 531 732 569 δικαίως
740 529 779 565 τῶν
786 528 847 566 κακῶς

5 578 9 619 ξῚ
52 574 225 622 πραδιιιρισμένων
237 573 299 623 ὀρθῶς
311 573 361 619 ἔχειν
373 576 424 609 εἴποι
436 587 471 617 τις,
484 585 520 620 pro
532 585 565 618 eo,
581 575 632 622 quod
647 575 708 611 codex
720 573 736 610 Ο
751 573 845 621 praebet:

4 626 8 662 j?
52 622 129 659 δικαίως
136 619 170 656 τὸν
178 621 237 660 κακῶς
245 620 413 667 προδιοιρισμένον
425 618 488 665 ὀρθῶς
499 622 548 668 ἔχειν
560 620 652 662 εἰπόντος.
676 620 729 656 Fieri
736 622 814 668 potest,
823 621 846 653 ut

4 671 8 708 ζ
53 668 104 702 εἴποι
117 680 145 706 τις
157 666 242 711 genuina
250 666 276 701 sit
285 665 385 709 scriptoris
393 676 467 700 manus.
491 664 530 701 Sed
538 666 648 702 addendum
657 670 698 702 erat
709 665 740 709 ἂν,
755 669 778 701 ut
787 666 845 700 etiam

2 717 6 759 J
52 722 111 756 supra
119 722 137 757 p.
144 711 203 754 3919
219 710 311 757 seriptum
323 710 402 757 legitur:
417 709 440 747 ἂν
452 714 503 747 εἴποι
515 726 547 752 τις.
567 711 605 748 Vel
617 712 645 748 sic
655 716 721 748 tamen
733 709 844 748 emendatio

3 761 7 805 ξ
51 756 130 792 minime
138 757 225 802 perfecta
234 753 381 793 censenda'erit.
393 755 500 793 Probabile
509 761 548 801 est,
559 757 616 803 plura
627 759 686 794 verba
695 757 790 804 excidisse
799 760 846 803 post

0 809 7 847 t
48 801 165 849 χαλεπὸν-
172 801 408 850 Quaesequunturverba,
414 814 432 838 v.
440 802 461 837 10
466 813 514 849 sqq,
522 803 550 837 sic
557 804 681 850 corrigenda:
690 806 712 840 οὑ
719 808 788 840 εἵνεκεν
794 816 845 847 παμ-

2 890 3 894 .
51 853 145 884 σιτεῖσθαι
156 847 199 894 χρή,
214 849 239 890 ὡς
253 850 307 897 ἔφην,
318 852 403 895 βραχείας
411 847 469 895 χάριν
481 848 550 894 ἡδονῆς
563 847 619 886 ἄλλον
632 849 726 887 ἀδικεῖν
740 849 810 897 (codex
818 849 844 885 O:

1 911 4 930 1.
51 893 123 938 (Idmon)
130 895 180 943 πρὸς
186 893 208 930 τὸ
216 893 242 941 μὴ
252 893 324 931 αὐτόν
333 907 375 930 τινα
381 894 445 941 ὀλίγης
449 892 507 941 χάριν
513 893 582 940 ἡδονῆς
587 894 642 942 ἀϊδίῳ
649 898 758 942 περιβαλεῖν
763 893 844 936 κολάσει,

51 945 182 986 „quapropter
190 940 289 975 vitandum
302 944 339 984 est,
352 943 432 985 propter
443 939 520 975 brevem
532 940 651 987 voluptatem
660 942 719 977 alium
728 939 808 976 afficere
816 940 845 976 in·

1 998 3 1001 ’
48 985 106 1030 juria,
115 995 139 1020 ne
149 985 192 1033 quis
202 985 280 1021 sibimet
291 984 329 1031 ipsi
339 989 419 1031 propter
430 996 509 1031 parvam
517 985 612 1022 laetitiam
621 987 759 1033 sempiternam
768 990 844 1022 eontra-

1 1044 3 1046 ’
52 1030 87 1065 hat
94 1032 196 1076 poenam“.
208 1030 344 1066 Necessarium
352 1035 382 1065 est
389 1033 460 1074 autem,
470 1042 493 1066 ex
501 1036 568 1067 nostro
577 1043 641 1076 seusu,
649 1038 672 1067 ut
678 1043 713 1078 pro
722 1030 784 1075 αὐτόν,
795 1043 845 1078 quae

0 1080 1 1111 1
52 1075 126 1111 codicis
134 1076 149 1112 O
158 1079 188 1112 est
194 1076 259 1121 lectio,
266 1080 370 1122 reponatur
376 1076 439 1113 αὐτόν.
445 1074 554 1112 —Videtur
560 1076 592 1111 hic
599 1078 653 1112 locus
660 1078 742 1113 idoneus
749 1088 798 1120 esse,
806 1088 844 1123 quo

53 1131 134 1201 apamiis
147 1122 171 1158 de
182 1134 219 1157 usu
230 1122 334 1156 formarum
346 1120 405 1158 αὑτοῦ
419 1125 439 1157 et
451 1121 510 1157 αὐτοῦ
523 1122 576 1167 apud
587 1121 639 1157 hunc
652 1122 767 1168 scriptorem
781 1122 845 1158 obvio.

52 1165 64 1200 Il
75 1170 170 1203 onuerunt
178 1168 219 1214 jam
227 1166 356 1202 Buttmannus
368 1167 388 1201 in
399 1167 480 1202 Excurs.
488 1167 508 1202 X
519 1168 544 1202 ad
551 1167 691 1202 Demosthenis
701 1166 754 1202 Orat.
763 1167 783 1202 in
790 1166 845 1212 ulid,

51 1224 69 1258 p.
78 1212 164 1260 Ildsqq,
173 1217 193 1248 et
201 1212 320 1248 Fritzsehius
328 1212 348 1248 in
356 1212 403 1247 Ere.
410 1211 429 1247 V
436 1213 461 1247 ad
467 1212 523 1254 Quat.
531 1212 555 1248 N.
562 1212 585 1249 T.
594 1213 668 1258 Evang.
677 1211 700 1247 Τ.
708 1212 724 1258 I,
733 1224 751 1258 p.
758 1212 845 1260 858sqq,

52 1257 129 1304 quantis
138 1257 288 1294 difficultatibus
297 1257 402 1303 impeditae
412 1261 477 1294 essent
485 1257 523 1292 hoc
535 1269 596 1304 genus
606 1257 751 1303 disquisitiones
761 1261 780 1293 et
789 1269 846 1304 quam

51 1314 120 1348 parum
128 1304 197 1340 liceret
208 1304 280 1350 ubique
292 1303 418 1349 pronuntiare
430 1302 482 1338 inter
493 1302 575 1339 formam
586 1302 697 1339 reflerivam
706 1307 725 1339 et
733 1303 846 1350 simplicem.

51 1349 200 1398 Nonnumquam
209 1350 285 1391 uariant
293 1349 338 1384 libri
347 1348 483 1394 manuscripti.
495 1347 517 1383 P.
526 1349 554 1393 33,
563 1349 622 1397 lsqq.
630 1353 722 1397 tanquam
731 1360 754 1384 ex
762 1354 845 1396 utroque

50 1394 179 1441 Homiliarum
192 1396 260 1431 codice
272 1395 344 1430 editum
357 1398 396 1430 est:
410 1393 420 1430 ὅ
433 1395 453 1431 dt
465 1393 514 1445 μετὰ
524 1394 560 1439 τὴν
572 1397 643 1432 πεῦσιν
654 1394 687 1432 τὸν
701 1396 846 1444 {prodeuntem

52 1440 149 1488 ἀναλαβὼν
161 1440 218 1489 λόγον
225 1462 249 1468 -—
261 1440 295 1477 τὸν
306 1439 358 1486 αὐτῷ
366 1439 397 1477 ἀπ’
407 1439 464 1487 ἀρχῆς
473 1444 598 1489 προκείμενον
610 1440 723 1490 ἀνελάμβανε
731 1440 794 1489 λόγον.
817 1439 845 1476 At

50 1490 133 1536 utraque
142 1487 233 1533 Epitome
244 1485 264 1523 C.
273 1485 293 1521 X
300 1488 390 1533 praebet:
399 1486 458 1533 αὐτῷ,
468 1485 519 1533 quod
527 1497 566 1521 non
574 1497 621 1522 sane
629 1487 692 1522 minus
701 1489 771 1533 aptum.
786 1486 808 1521 P.
815 1486 845 1531 46,

50 1533 152 1581 tinterque
160 1534 217 1569 Hom.
226 1532 288 1569 codex
296 1532 366 1569 habet:
373 1531 433 1578 αὐτῆς,
444 1543 478 1578 pro
487 1543 524 1579 quo
534 1531 669 1580 Schweglerus
678 1531 775 1579 reposuit:
784 1531 845 1578 αὐτῆς.

50 1578 77 1614 Et
84 1590 152 1615 revera
157 1578 210 1626 Epit.
216 1580 249 1616 alt.
255 1578 275 1614 C.
282 1576 331 1614 XXI
337 1578 429 1625 porrigit:
439 1580 509 1624 ἑαυτῆς.
522 1577 543 1613 Ρ.
551 1578 578 1622 99,
586 1578 597 1613 9
604 1578 671 1616 ἑαυτὸν
677 1578 796 1625 reperitur-in
802 1580 845 1615 cod.

52 1624 76 1665 Ο,
88 1625 137 1660 etin
149 1627 191 1663 cod.
203 1624 227 1660 O:
240 1623 302 1662 αὐτὸν.
319 1624 375 1660 Prius
383 1624 438 1669 illud,
448 1625 500 1671 quod
512 1624 610 1659 invenitur
619 1624 676 1660 etiam
687 1623 708 1659 in
716 1628 753 1659 utr.
763 1624 815 1670 Epit.
824 1623 845 1660 0.

51 1669 155 1713 XXXVII,
165 1671 210 1718 quin
217 1673 271 1707 recte
279 1674 379 1716 receptum
387 1671 413 1705 sit
421 1681 433 1704 a
441 1668 547 1714 Dresselio,
556 1669 641 1705 dubitari
648 1670 721 1716 nequit.
738 1670 845 1706 Difficilius

49 1716 143 1763 judicium
154 1720 183 1752 est
189 1728 207 1763 p.
216 1715 280 1761 99,10,
289 1715 322 1750 ubi
330 1720 412 1762 uterque
420 1715 492 1751 Homil.
501 1716 562 1751 codex
571 1716 661 1761 praebet:
670 1715 775 1764 ἐκβάλωμεν
781 1715 845 1759 αὐτόν,

50 1762 119 1812 μήπως
127 1763 209 1802 ἐκτείνας
216 1761 250 1807 τὴν
254 1766 309 1809 χεῖρα
317 1760 376 1797 αὑτοῦ
383 1761 459 1807 ἅψηται,
469 1765 490 1796 at
498 1765 580 1807 utraque
588 1761 639 1807 Epir.
649 1760 670 1797 C.
679 1773 695 1798 e.
703 1760 772 1797 habet:
781 1761 844 1805 αὐτοῦ,

51 1811 110 1854 atque
117 1807 155 1843 hoc
162 1807 224 1854 ipsum
233 1808 331 1843 invenitur
338 1806 389 1851 loco,
398 1807 422 1842 ad
431 1818 488 1852 quem
496 1805 604 1852 respicitur,
614 1807 647 1854 qui
656 1810 686 1843 est
694 1805 766 1842 Genes.
773 1808 809 1851 III,
817 1808 845 1843 22.

51 1852 124 1888 Similis
131 1853 365 1900 discrepantiareperitur
371 1853 426 1896 locis,
435 1853 467 1899 qui
475 1855 520 1888 sunt
528 1864 546 1898 p.
554 1852 594 1898 128,
600 1852 617 1898 8,
625 1852 762 1888 ubiHorniliae
770 1858 788 1889 et
794 1854 846 1899 Epit.

49 1899 103 1944 prior
112 1897 132 1934 C.
140 1898 168 1935 LI
175 1900 279 1945 praebent:
288 1899 298 1934 ὁ
305 1897 353 1939 Ζεὺς
360 1897 394 1935 τὸν
401 1897 460 1934 αὐτοῦ
468 1902 541 1944 πατέρα
549 1898 716 1946 diocaesaraea,
726 1899 760 1934 sed
768 1900 789 1934 in
794 1899 846 1946 Epit.

40 1944 82 1980 alt.
93 1943 113 1979 C.
120 1943 148 1980 LI
157 1944 262 1991 reperitur:
273 1944 337 1986 αὐτοῦ,
346 1947 366 1979 et
376 1955 393 1990 p.
400 1944 439 1987 129,
451 1944 473 1979 13
480 1944 514 1979 ubi
521 1943 619 1979 Humiliae
627 1944 700 1980 habent
709 1947 734 1985 εἰς
743 1944 777 1981 τὸν
785 1944 847 1982 αὐτῶν

50 2001 110 2038 σνμφ-
120 1992 171 2033 νοῦν,
181 1994 201 2025 at
209 1989 299 2035 Epitalt.
305 1990 317 2024 l.
323 2001 338 2026 c.
346 1989 439 2035 porrigit:
448 1989 482 2026 τὸν
490 1989 552 2026 αὐτῶν
560 2001 576 2024 σ.
583 2002 599 2027 ν,
611 1989 671 2025 Plura
678 1989 748 2024 similia
757 1991 846 2036 exempla

49 2035 172 2081 reperiuntur
178 2048 197 2082 p.
204 2036 264 2080 roal,
272 2034 289 2080 4,
297 2035 308 2070 G
316 2038 336 2070 et
342 2035 362 2069 in
368 2034 419 2080 Epit.
426 2038 463 2071 utr.
471 2033 492 2070 G.
498 2035 542 2071 XL.
551 2035 575 2070 In
580 2034 671 2070 Homiliis
679 2039 718 2069 est:
727 2036 754 2081 τῷ
759 2040 846 2072 κτίσαντι

50 2079 108 2117 αὑτὸν
116 2101 139 2106 -
150 2083 229 2122 ἐπιθεὶς,
242 2085 282 2121 τοῖς
293 2083 341 2120 υἱοῖς
353 2080 442 2116 αὑτοῦ-
453 2081 554 2126 ἐπέθηκεν,
567 2081 626 2117 ἀνεῖλε
638 2079 672 2116 τὸν
684 2079 769 2127 ἀδελφὸν
780 2080 844 2124 αὑτοῦ,

50 2129 70 2160 at
84 2125 187 2171 Epitomae
202 2125 298 2172 praebent
312 2137 419 2171 pronomen
434 2126 521 2172 simplex.
544 2125 610 2171 Atque
624 2124 678 2170 ipsae
693 2124 791 2161 Humiliae
804 2128 846 2162 v.2

49 2170 132 2207 habent:
142 2172 229 2219 apos‘yruo
239 2170 273 2207 τὸν
281 2170 316 2217 τὴν
323 2176 402 2217 γυναῖκα
409 2170 469 2207 αὑτοῦ
479 2173 572 2217 μέλλοντα
584 2169 659 2206 ἀπατᾶν
671 2168 722 2217 ὅφιν.
748 2170 791 2212 Quo
799 2171 844 2207 loco

50 2215 184 2263 Schweglerus
194 2216 261 2263 reponi
267 2216 336 2262 jussit:
345 2214 410 2252 αὑτοῦ.
433 2215 482 2251 Mihi
495 2219 561 2251 contra
574 2215 639 2260 potius
651 2215 672 2250 in
683 2215 748 2251 uerbis
757 2217 845 2262 proxime

49 2263 169 2309 antegressis
177 2274 195 2299 v.
204 2262 214 2296 1
223 2261 283 2298 αὑτὸν
291 2261 404 2296 mutandum
413 2260 490 2296 videtur
498 2262 518 2296 in
526 2259 590 2297 αὐτὸν.
614 2260 708 2307 Reliquos
716 2260 846 2297 Humiliarunr

49 2308 103 2343 locos
112 2318 182 2344 censeo
191 2309 276 2343 intactos
286 2317 329 2342 esse
338 2305 482 2353 relinquendos.
506 2306 565 2342 Amat
574 2305 624 2342 enim
633 2306 666 2342 hic
675 2306 758 2352 scriptor
765 2307 786 2342 in
795 2309 846 2354 ejus-

49 2354 102 2389 modi
112 2352 229 2389 dictionibus
238 2352 332 2388 adhibere
339 2363 446 2397 pronomen
455 2351 573 2396 reflerivum,
582 2363 647 2400 neque
656 2352 676 2388 id
682 2352 709 2388 ibi
717 2353 844 2398 solummodo,

50 2399 85 2435 ubi
93 2399 122 2434 vis
132 2403 162 2435 est
171 2399 191 2434 in
199 2398 319 2445 pronomine,
328 2397 419 2444 qualibus
428 2398 477 2434 locis
486 2398 517 2435 vel
525 2398 611 2446 flagitari
618 2398 677 2435 αὑτοῦ
686 2400 730 2434 cett.
743 2398 845 2446 Augustus

49 2444 146 2481 Matthiae
160 2444 253 2480 censebat
267 2445 292 2480 ad
307 2443 373 2489 Eurip.
382 2443 405 2479 Τ.
417 2443 461 2490 VII,
473 2456 492 2490 p.
501 2445 541 2480 508.
562 2444 602 2488 sto,
614 2448 637 2480 ut
648 2445 681 2480 hic
691 2443 758 2489 paneis
769 2448 845 2480 tantum

50 2490 143 2537 exemplis
151 2490 253 2535 defungar,
260 2489 330 2536 legitur
338 2500 356 2535 p.
361 2489 389 2531 53,
394 2490 414 2525 3:
423 2489 485 2538 πατὴρ
492 2490 514 2526 τὰ
521 2490 581 2527 αὑτοῦ
587 2494 647 2532 τέκνα,
654 2502 673 2537 p.
678 2490 716 2533 151,
722 2490 732 2523 1
738 2500 765 2536 sq.
772 2490 846 2537 Inrdnog

50 2536 73 2573 τὰ
85 2536 143 2573 αὑτοῦ
155 2539 210 2573 τέκνα
221 2539 311 2572 κατέπιεν
318 2539 349 2571 καὶ
357 2536 404 2576 Ζεὺς
412 2535 446 2581 τὴν
454 2536 514 2573 αὑτοῦ
521 2541 622 2584 θυγατέρα,
631 2536 664 2570 11:
675 2541 803 2583 γηροτροφεῖν
812 2536 846 2575 τὸν

49 2581 108 2619 αὑτοῦ
117 2585 192 2628 πατέρα,
208 2582 287 2627 15sqq.:
293 2579 331 2628 χρὴ
340 2580 384 2621 τοὺς
391 2587 455 2629 γονεῖς
461 2602 484 2608 -
494 2581 538 2623 τοὺς
548 2583 610 2618 αὐτῶν
618 2583 688 2621 παῖδας
700 2580 844 2625 προπαιδεύαν.

48 2628 70 2663 P.
79 2626 119 2672 117,
128 2627 218 2669 duellem
226 2626 336 2662 Dresselius
345 2626 419 2662 codicis
427 2626 442 2663 O
450 2627 564 2674 scripturam
572 2629 640 2664 ἑαυτοῦ
647 2625 795 2672 posthabuisset
803 2628 846 2665 cod.

49 2672 65 2709 C
74 2673 154 2710 lectioni
161 2672 225 2710 αὐτοῦ.
233 2672 255 2709 P.
264 2673 303 2718 190,
311 2672 327 2717 4,
336 2671 371 2708 ubi
378 2672 444 2709 oodO
454 2673 515 2709 habet
521 2673 603 2716 ἑαυτοὺς,
613 2671 653 2707 cod.
663 2670 760 2709 Cautem:
770 2673 846 2718 αὐτοὺς,

48 2719 186 2765 proculdubio
195 2719 248 2765 prior
256 2717 352 2765 scriptura
359 2721 413 2754 recte
421 2719 511 2764 praelata
520 2722 550 2754 est
562 2718 624 2754 alteri.
643 2717 664 2753 P.
672 2717 713 2761 202,
722 2718 733 2754 9
746 2719 820 2755 codicis
830 2720 846 2756 Ο

49 2764 107 2800 lectio
120 2764 184 2805 αὐτοῖς
190 2765 235 2811 jure
246 2764 304 2799 cessit
313 2763 386 2799 codicis
398 2762 413 2799 C
424 2765 532 2810 scripturae
541 2765 618 2805 ἑαυτοῖς,
629 2762 667 2798 nisi
679 2764 723 2810 quis
731 2764 757 2801 ab
766 2777 799 2811 eo,
813 2766 847 2813 qui

49 2809 171 2856 potissimum
179 2810 267 2846 codicem
277 2808 293 2846 0
302 2809 358 2856 sequi
367 2810 419 2855 apud
428 2810 512 2846 animum
520 2820 575 2845 suum
584 2807 712 2852 constituerit,
721 2811 816 2857 postulat,
824 2815 847 2847 ut
