1827 3065
43 140 86 183 260
253 148 630 185 remenuraurnnxornrr.carra.

43 256 121 288 tantum
132 263 171 287 non
182 250 259 295 iisdem,
271 250 302 285 vel
315 247 412 283 sententia
424 247 522 284 simillima
530 250 651 295 repetuntur,
663 247 739 283 omnino
749 248 835 290 delenda.

45 297 164 344 Quamquam
172 297 204 332 vel
211 297 238 331 sic
244 295 278 330 uni
284 294 353 329 saltem
359 294 402 329 loco
408 292 458 329 hanc
465 293 581 329 medicinam
587 292 650 329 facere
657 293 759 339 oportebit.
775 294 834 335 Nemo

46 344 98 379 eninr
107 342 198 379 credibile
208 352 249 377 esse
259 339 354 384 censebit,
362 351 422 374 unum
430 339 549 386 eundemque
558 339 671 385 scriptorem
677 338 765 384 posuisse
771 343 835 389 verba,

46 400 96 435 quae
104 401 121 424 ν.
131 388 152 423 16
161 400 188 433 sq.
196 387 295 433 legalium:
308 388 325 422 e?
337 386 357 422 δὲ
368 384 414 422 κακὰ
425 389 489 427 κτίζει,
501 390 531 422 καὶ
544 390 572 426 τίς
582 384 645 433 &prid-ic
656 384 732 428 aprilem·
746 389 763 421 εἰ
774 388 794 422 lt
806 395 835 425 καὶ

46 435 92 471 κακὰ
105 439 163 475 ποιεῖ,
175 436 205 469 ναὶ
216 435 244 472 τίς
256 430 326 478 ἄγαν-ά,
339 431 399 466 Immo
411 442 456 466 vero
467 431 510 466 luce
519 430 590 466 elarius
599 434 637 475 est,
651 432 761 466 alterutram
768 430 835 470 horum
859 455 860 463 .

46 481 146 516 verborum
153 481 227 524 partem
235 487 258 512 ex
267 476 305 512 alia
314 488 351 523 qua
361 476 474 513 recensione
485 476 574 512 haustam
588 487 635 511 esse,
659 477 762 519 Praeterea
772 482 835 522 poste-

46 526 85 561 rius
102 523 222 559 cnnntiatum
236 522 346 558 labeculam
359 522 420 558 lrabct
432 522 547 569 adspersam.
570 521 639 567 Neque
651 521 703 558 enim
714 521 760 556 ferri
771 526 836 568 potest

46 570 141 624 particula
149 572 186 611 καὶ,
196 579 244 613 quae
253 572 286 603 aut
295 568 389 615 originem
396 567 456 604 traxit
464 580 474 604 e
481 568 538 614 priori
545 567 635 603 vocabuli
641 567 686 605 κατὰ
693 566 769 613 syllaba
776 579 835 606 errore

46 618 125 657 rterata,
137 617 170 649 aut
179 624 203 649 er
211 613 292 649 articulo
300 614 325 650 τὰ
334 617 422 660 corrupta
431 618 470 659 est,
481 625 518 660 quo
527 613 551 649 de
560 612 593 649 cfr.
599 626 619 660 p.
627 614 656 657 73,
665 614 685 648 3:
699 617 715 650 εἰ
727 614 747 648 ‹ll
759 612 781 649 τὰ
792 615 836 651 κατὰ

47 660 175 701 αὐτὸςκτίζετ,
189 663 219 695 καὶ
231 663 259 700 τίς
270 660 331 707 ἀγαθὰ
343 662 465 709 δημιουργῇ·
477 681 501 686 -
513 658 584 695 Contra
596 671 613 693 v.
624 659 646 695 10
658 657 753 695 excidisse
764 658 837 705 aliquid

46 706 126 741 videtur.
151 702 278 740 Scribendum
287 705 385 740 existimo:
397 704 446 750 ἢὸτι.
456 705 537 752 πειράζει
546 705 570 745 ὠς
577 704 660 752 ύγνοιῦν·
673 708 692 740 εἰ
703 702 742 749 γὰν
753 703 836 750 ἀγνοεῖ,

46 755 76 787 καὶ
83 754 111 790 τίς
117 749 417 786 cett.——Ridiculuminmodum
427 755 525 797 corruptus
534 754 564 786 est
572 762 589 784 ν.
599 751 628 785 18ε
637 754 662 787 Εἰ
671 751 690 785 lt
704 749 725 785 τὸ
737 755 783 785 αῖον
795 749 837 799 ὅρος

46 799 105 833 ἐπιθυ
122 801 146 835 εἴ,
155 800 187 832 καί
194 800 246 836 τίνος
254 796 276 832 τὰ
285 796 355 840 πάντα,
373 795 419 838 Quis
428 808 466 832 non
477 797 564 840 miretur,
577 794 664 831 homines
677 795 743 831 doctos
754 795 803 831 talia
814 796 836 832 do

46 841 90 878 Deo
99 810 152 877 (licta
161 852 278 887 concoquere
285 842 378 887 potuisse,
388 843 446 878 etiam
455 842 471 877 si
477 842 556 889 linguae
563 841 640 888 legibus
647 840 768 877 satisfactum
775 843 838 878 esset?

48 887 80 923 Tu
88 888 141 923 ocius
151 886 234 933 corrige:
248 891 264 923 εἴ
272 889 293 923 dl
302 889 342 923 τοῦ
351 892 463 927 πλείονος
472 889 500 924 in.
510 890 554 923 cett

92 933 114 967 P.
122 934 151 976 73,
160 932 171 967 3
180 943 207 977 sq.
216 931 262 967 feni
269 935 351 979 possunt
359 933 426 968 verba:
440 936 455 968 εἰ
467 935 487 969 ἐν
495 932 562 979 γνόφῳ
570 952 593 957 -
602 930 698 973 σύνεστιν,
712 930 728 966 si
741 931 837 976 statuitur,

48 978 137 1015 σύνεστιν
143 977 253 1024 significare
261 981 417 1022 ,‚c0nuersatnr“,
426 989 464 1013 non
473 979 592 1022 ‚cessatura
599 981 621 1012 ut
628 977 749 1023 interpretati
756 981 805 1011 sunt.
815 999 837 1004 —

47 1023 70 1059 V.
80 1023 169 1059 idverba
184 1023 278 1069 ἀγωοητος
290 1028 320 1059 καὶ
329 1022 459 1071 χωρούμενος,
476 1024 542 1069 inepte
554 1022 712 1068 interpretantur:
730 1022 838 1068 „imperce-

48 1073 93 1115 ptus
106 1073 126 1104 et
138 1071 259 1115 perceptum,
284 1068 387 1115 Significat
398 1068 471 1104 locutio
480 1074 551 1115 χωρεῖν
560 1067 594 1104 τὸν
604 1068 652 1107 Θεὸν
663 1068 735 1114 „deum
747 1068 838 1114 recipere,

49 1117 143 1161 capere“;
156 1114 189 1149 cir.
199 1125 214 1149 e.
224 1125 251 1160 gr.
260 1114 362 1150 Jamblich.
372 1114 395 1149 de
403 1114 483 1159 Mysten
491 1127 509 1160 p.
519 1113 562 1158 1⁶25,
574 1114 585 1148 t
594 1117 613 1149 et
621 1114 665 1158 233,
674 1113 685 1148 9
693 1112 783 1159 Parthey.
805 1112 838 1149 Go-

48 1160 129 1196 haerent
136 1164 201 1195 autem
209 1159 244 1195 illa
251 1160 310 1195 uerba
318 1160 425 1196 arctissime
434 1171 477 1195 cum
485 1159 612 1206 antegressis:
625 1165 665 1200 ταῖς
673 1161 711 1195 τῶν
718 1159 795 1206 ἀγαθῶν
802 1170 839 1205 ψο-

46 1211 91 1252 χαῑς
99 1205 219 1253 οἵκτζύμενος.
243 1204 304 1240 Aliud
312 1205 358 1251 quid
369 1209 399 1241 est
407 1204 500 1252 ἀχτύοητος
512 1205 563 1249 apud
572 1204 588 1238 Τ
589 1204 674 1250 beopbil.
683 1205 708 1240 ad
716 1203 781 1240 Autol.
789 1204 809 1248 Ι,
823 1204 838 1239 ἵ.

50 1251 92 1287 Nec
98 1254 163 1286 tamen
171 1250 215 1286 ideo
223 1251 422 1297 probabile,positun1
431 1250 500 1286 fuisse:
513 1249 627 1297 ἀχώριστο
633 1266 649 1295 ς,
662 1261 684 1286 ea
692 1250 712 1284 vi
721 1261 759 1295 qua
764 1249 839 1296 praedi-

51 1301 92 1331 tum
101 1300 131 1331 est
140 1296 192 1342 apud
199 1295 348 1342 Xenophontem
355 1296 403 1342 Rep.
411 1296 457 1333 Lac.
465 1296 501 1340 IX,
510 1298 527 1331 d.
543 1295 582 1332 Cir.
590 1297 647 1335 Hom,
657 1296 720 1337 XVII,
730 1296 757 1330 10.

96 1341 117 1376 Ρ.
126 1341 154 1385 ll,
165 1343 186 1376 ll
194 1345 272 1388 propter
280 1342 319 1377 cod,
330 1340 351 1376 Ο.
364 1342 484 1388 scripturam:
498 1357 515 1378 τι
525 1341 546 1378 τὸ
554 1342 665 1392 λεγόμενον,
678 1340 736 1377 facile
748 1341 838 1385 adducor,

50 1391 72 1422 ut
81 1388 158 1423 credam
166 1387 250 1433 positum
258 1387 327 1423 fuisse:
341 1403 358 1424 τι
367 1390 410 1424 των
418 1392 554 1436 λεγομένων.

96 1432 117 1467 Ρ.
127 1434 155 1476 ld,
165 1436 174 1467 l
184 1432 233 1467 nibil
244 1433 356 1468 mutandum
368 1433 452 1477 uidetur,
464 1433 520 1468 modo
533 1432 632 1468 commatis
646 1432 722 1479 signum
733 1434 778 1477 post
792 1436 839 1470 Θεοῦ

51 1478 136 1513 locatum
143 1478 228 1513 tollatur.
245 1477 378 1513 Construenda
386 1481 431 1513 sunt
439 1478 498 1514 verba
506 1478 594 1515 colibet
603 1477 659 1523 ττρὸςτ
671 1477 743 1523 „multa
750 1481 840 1523 respectu

50 1522 118 1559 habito
127 1523 160 1567 ad,
173 1524 233 1559 multa
245 1526 298 1569 prol‘.
310 1545 331 1549 —
346 1523 368 1559 V.
377 1523 527 1559 ascribendum:
540 1524 565 1560 οὐ
573 1523 646 1571 μόνον
658 1523 703 1565 ὅτι,
715 1523 753 1558 nisi
762 1523 839 1569 gravius

52 1568 103 1615 quod
110 1569 201 1604 mendum
209 1568 280 1604 subest⁴
289 1568 338 1604 —V
351 1569 363 1603 5
372 1580 398 1614 sq.
407 1569 428 1604 in
436 1570 508 1604 verbis:
522 1569 606 1609 εύνύττως
614 1571 725 1616 ἐλεγχθῆναι
734 1568 840 1616 ύονύμενον

52 1618 162 1663 ττροέτετνας
171 1614 223 1660 ἡμῖν,
234 1614 328 1650 excidisse
337 1614 411 1660 aliquid
420 1618 492 1650 certum
499 1615 581 1650 videtur.
597 1614 694 1650 Fortassis
703 1612 787 1650 sufficiet
795 1618 840 1649 ante

52 1663 163 1708 προέτετνας
172 1659 285 1695 inseruisse:
298 1675 328 1702 τι,
341 1671 389 1705 quae
401 1672 438 1696 vox
448 1667 527 1707 propter
538 1659 636 1706 sequentis
648 1660 715 1695 literae
728 1659 840 1696 ffsimilitu·

52 1705 116 1740 dincm
124 1705 217 1740 facillime
226 1704 341 1741 intercidere
349 1706 418 1751 potuit.

96 1750 117 1786 P.
127 1750 154 1792 76,
163 1753 174 1786 b
183 1762 239 1796 quum
249 1750 303 1786 codd.
312 1750 407 1797 scriptura
415 1753 491 1799 ἒξέγανε
500 1755 565 1797 aperte
573 1754 661 1796 corrupta
667 1750 698 1795 sit,
708 1749 841 1797 Schueglerus

52 1795 130 1842 scripsit
138 1798 219 1844 ἐξέφηνε,
228 1807 284 1841 quern
293 1799 369 1831 secutus
379 1800 408 1832 est
415 1796 531 1832 Dressclins.
550 1796 576 1831 Et
584 1807 650 1832 revera
657 1796 694 1831 hae
703 1807 760 1832 voces
770 1795 841 1842 saepis-

52 1842 99 1876 sime
109 1841 200 1877 confusae
208 1842 328 1887 reperiuntur
336 1842 386 1888 apud
394 1842 445 1878 hune
454 1842 570 1888 scriptorem.
595 1840 634 1877 Sed
645 1853 702 1888 quum
714 1852 774 1888 aeque
782 1841 841 1877 facile

53 1887 79 1922 sit
86 1899 120 1932 pro
130 1889 206 1934 ἐξέφαινε
216 1887 307 1923 scribere:
321 1891 412 1935 ἐξέγαινε,
425 1892 445 1923 et
457 1888 538 1934 scriptor
546 1887 611 1934 paullo
620 1892 665 1923 ante
673 1900 691 1922 ν.
699 1888 710 1922 2
717 1899 764 1922 usus
774 1887 799 1922 sit
808 1888 841 1922 im-

53 1932 140 1978 perfecto
150 1933 217 1979 ἔλεγεν,
225 1932 277 1967 hand
286 1933 325 1968 scio
334 1944 359 1968 an
366 1934 414 1969 baec
423 1935 516 1969 correctio
526 1933 552 1968 sit
560 1932 691 1980 praeferenda.
700 1954 722 1958 -
730 1932 753 1968 V.
761 1933 782 1967 12
791 1944 842 1968 error

52 1977 167 2013 manifestus
176 1981 206 2013 est
214 1977 235 2011 in
243 1977 306 2013 verbis
316 1978 359 2014 οὕτε
367 1981 393 2015 dt.
410 1979 500 2021 Quamvis
508 1979 572 2026 plures
581 1978 696 2014 emendandi
704 1977 747 2014 viae
755 1981 842 2024 pateant,

53 2023 217 2069 simplicissinnun
225 2027 291 2058 tamen
298 2023 374 2057 videtur
383 2024 445 2059 delere
453 2024 567 2069 particulam
577 2026 602 2060 dl.

98 2068 120 2104 P.
129 2068 156 2113 78,
167 2070 175 2103 1
185 2079 212 2113 sq.
221 2069 241 2103 in
249 2068 322 2104 verbis:
336 2068 362 2116 μὴ
371 2072 439 2105 τοῦτον
448 2071 494 2105 εἶναι
503 2069 549 2106 θεὸν
555 2069 656 2110 ἀνώτατον,
666 2066 686 2109 ὃς
693 2069 773 2117 οὐρανὸν
781 2070 841 2106 ἔκτισε

52 2118 83 2150 καὶ
90 2116 127 2161 γῆν
134 2119 165 2149 καὶ
174 2114 236 2150 πάντα
244 2112 267 2151 τὰ
275 2116 295 2151 ἓν
303 2114 375 2156 αὐτοῖς,
389 2113 432 2150 ἀλλὰ
441 2113 497 2150 ἄλλον
505 2114 547 2150 τινὰ
556 2115 654 2161 ἄγνωστον
662 2118 692 2150 καὶ
701 2114 804 2157 ἀνώτατον,
818 2114 841 2155 ὡς

53 2162 73 2196 ἰν
81 2159 197 2208 ἀπορρήτοις
205 2159 250 2196 ὄντα
259 2158 306 2196 θεὸν
315 2162 371 2203 θεῶν,
379 2159 469 2195 mendum
477 2159 546 2203 inesse,
556 2160 613 2195 facile
621 2162 650 2194 est
657 2159 681 2194 ad
688 2159 842 2206 intelligendum.

54 2204 93 2240 Sed
102 2205 153 2251 quod
161 2206 181 2240 in
190 2205 231 2241 cod.
240 2203 262 2240 O.
270 2205 329 2241 verba
337 2204 436 2252 ύῖγνωστον
443 2209 473 2241 καὶ
481 2205 552 2241 omissa
561 2209 613 2248 snut,
625 2208 658 2240 aut
667 2216 712 2240 casn
721 2206 793 2241 accidit
802 2209 841 2249 aut,

54 2250 70 2285 si
82 2252 185 2286 correctori
197 2251 286 2294 debetur,
298 2262 398 2297 perperam
409 2251 483 2287 factum
495 2254 533 2294 est3
546 2263 590 2287 narn
602 2250 696 2287 uocabula
707 2255 738 2287 ναὶ
745 2251 842 2289 ἀνώτατον

54 2296 71 2330 si
85 2295 176 2331 abessent
190 2308 245 2331 nemo
261 2297 390 2339 desideraret,
405 2300 425 2332 at
438 2296 532 2332 vocabulo
546 2297 645 2344 ύγνωστον
659 2297 735 2332 omnino
747 2309 795 2344 opus
808 2299 842 2333 cst.

54 2340 142 2386 Coujicio
148 2341 236 2388 equidem
241 2354 275 2388 pro
281 2342 377 2380 ἀνώτατον
383 2342 443 2377 fuisse
450 2341 549 2388 scriptum:
558 2342 664 2388 ἀνόητον,
673 2341 842 2388 quodvocabulum

55 2386 122 2422 eadem
130 2386 171 2422 fere
179 2386 208 2431 vi,
217 2399 254 2434 qua
263 2387 367 2435 ἄγνωστον,
376 2387 484 2435 praeditum
493 2399 535 2422 esse
542 2399 599 2434 posse
609 2391 690 2424 constat.

98 2432 120 2467 P.
129 2432 156 2474 79,
166 2433 176 2467 3
185 2444 213 2479 sq.
222 2443 331 2478 persuasum
339 2433 411 2478 habeo,
421 2433 516 2469 dissoluta
524 2433 558 2478 sic,
567 2437 589 2469 ut
598 2433 650 2470 edita
659 2437 712 2478 sunt,
724 2434 796 2480 scripta
804 2445 843 2469 non

53 2476 114 2513 fuisse
122 2478 189 2513 verba:
203 2478 252 2514 πολὺ
261 2479 367 2525 candaca·
381 2480 403 2516 ού
414 2479 476 2527 μόνον
484 2479 539 2519 αὐτόν
548 2483 592 2515 cett,
616 2478 708 2522 Videtm·,
720 2483 792 2524 puncto
804 2491 843 2514 rna-

53 2523 103 2558 ximo
112 2527 156 2570 post
165 2523 264 2569 ύννήσττατ
273 2525 346 2568 locato,
359 2524 481 2560 scribendum
490 2535 542 2559 esse:
554 2529 592 2561 καὶ
604 2525 625 2562 ού
636 2524 698 2573 μόνον
709 2528 754 2561 cett.
765 2546 788 2551 κ
800 2525 823 2561 V.
833 2525 842 2559 7

55 2580 82 2614 sq.
93 2570 144 2604 male
155 2581 186 2605 me
198 2569 271 2605 babent
282 2571 350 2606 uerba:
364 2570 442 2607 σπάνιοι
454 2573 477 2607 δέ
488 2583 537 2611 τινες
549 2574 567 2606 οἱ
579 2573 615 2618 μὲν
623 2569 686 2606 αύττῦν
694 2572 778 2615 ἔσονται,
791 2572 816 2613 ὡς
824 2572 843 2606 ἐκ

55 2612 140 2657 allidens
149 2615 218 2663 ὀλίγον,
231 2619 300 2655 οἵτινες
311 2619 356 2651 cett.
380 2615 433 2652 Fieri
445 2618 520 2663 potest,
531 2620 553 2651 ut
561 2616 676 2652 vocabulum
685 2617 745 2664 ὀλίγον
757 2616 806 2652 nibil
818 2616 843 2650 sit

6 2670 9 2691 ·,
54 2659 93 2693 nisi
100 2661 132 2695 vel
139 2661 273 2707 interpretatio
281 2662 311 2697 vel
320 2661 374 2697 varia
381 2662 440 2697 lectio
449 2662 474 2697 ad
481 2673 548 2697 uocem
558 2663 634 2699 σπάνιοι
644 2666 739 2708 spect-aus.
763 2660 790 2697 At
801 2673 843 2709 pro-

54 2703 148 2749 babilius,
158 2706 232 2752 opinor,
242 2707 334 2754 conjiciat
342 2707 422 2753 aliquis,
432 2708 523 2754 scriptum
531 2708 601 2742 fuisse:
614 2707 700 2751 ττλύνονς
708 2706 748 2743 oda
757 2708 842 2754 ὀλίγον
854 2742 856 2744 .

101 2750 122 2785 P.
134 2751 163 2795 80,
177 2752 285 2788 reicienda
299 2764 341 2788 esse
356 2753 444 2788 existimo
459 2753 519 2789 verba
531 2756 569 2790 των
583 2753 707 2798 ἀσεβούντων.
731 2751 779 2788 Sunt
793 2752 843 2789 enim

55 2795 157 2841 superflua,
166 2808 223 2842 quum
229 2798 288 2834 verba
295 2801 333 2834 ztir
340 2798 417 2845 ἀγνοίας
423 2802 474 2845 αἰτία
481 2798 604 2842 ἀσεβούντων,
614 2808 663 2843 quac
672 2801 716 2833 sunt
722 2810 739 2844 p.
748 2798 776 2842 ta,
787 2800 808 2834 ll
815 2810 823 2832 s
839 2824 842 2832 ,

55 2852 98 2876 cum
106 2840 170 2876 verbis
179 2841 212 2879 τὸν
221 2843 302 2890 ὄλεθρον
310 2843 396 2878 construi
403 2846 495 2889 oporteat.
507 2843 565 2877 Porro
571 2842 683 2889 recipienda
690 2843 766 2879 videtur
772 2845 814 2880 cod.
821 2809 843 2882 3,
