1827 3065
339 114 444 148 nrrroun
462 115 536 148 rnroa.
811 103 838 145 97

48 234 115 272 magno
124 230 167 256 eum
175 216 246 251 honore
259 225 282 250 ae
291 213 386 251 satellitio
397 224 474 260 praeses
483 225 507 250 ex
514 213 621 250 Antiochia
631 213 694 250 mittit
705 213 731 250 ad
738 213 838 250 Tiberium

48 274 151 310 Caesarem.
175 260 260 296 Intuitus
269 264 333 296 antem
342 258 414 295 Caesar
421 263 495 306 patrem
504 264 523 296 et
534 263 615 296 matrem
623 259 736 307 agnitisque
745 260 773 295 eis
782 271 839 306 super

47 330 66 355 re
74 314 129 351 obstu
142 308 178 351 uit,
187 305 286 352 patrisque
295 305 389 342 ceruicem
398 305 507 386 complexus
516 306 586 342 acriter
593 304 653 341 flevit.
670 304 762 341 Cohibito
772 308 837 340 autem

48 364 99 400 luctu
113 323 142 393 ad
152 354 240 389 senatum
253 350 359 398 respiciens
375 350 411 386 ait:
452 351 522 387 audete
532 354 607 388 mecum
620 361 686 387 omnes
702 354 722 386 et
738 362 837 386 commune

48 410 116 444 festum
123 408 204 448 agamus
212 396 344 433 inventionem
351 395 420 432 Fausti
427 400 447 432 et
454 395 579 442 Matthidiae,
605 397 644 433 uod
653 408 696 434 cum
704 396 775 432 mortui
782 400 837 443 puta·

47 455 110 490 rentur
117 445 232 486 revixerunt,
242 452 324 489 cumque
332 442 437 489 periissent
444 442 515 489 reperti
523 447 573 478 sunt.
613 447 669 479 ostea
677 445 698 478 et
706 453 750 478 cum
758 441 783 476 iis
792 453 837 488 epu-

49 501 96 534 latus
105 491 221 534 multamque
230 490 333 534 pecuniam
341 487 429 535 largitus,
438 488 553 534 insuperque
561 488 613 536 ipsos
622 489 648 525 ad
655 487 769 524 famulatum
777 488 837 522 servis

48 551 117 589 augens
126 548 149 573 ae
158 532 245 578 ancillis,
260 533 342 614 {urimo
354 532 447 570 comitatu
458 533 559 569 ethonore
571 533 703 571 circumdedit
729 533 767 577 oui
779 533 838 568 etiam

49 600 84 625 nou
93 584 161 630 exiguo
170 583 256 625 tempore
283 591 337 616 omae
345 582 429 615 aetatem
438 582 528 626 egerunt,
539 579 571 626 pie
583 580 660 626 quidem
668 580 757 616 viventes
766 589 838 625 suaque

1 635 3 637 ’
49 634 147 679 erogantes
155 623 271 672 pauperibus
280 630 299 662 et
308 624 417 663 consectati
426 635 491 660 omnes
503 625 551 660 alias
562 625 653 672 virtutes,
666 626 728 662 donec
739 626 760 661 in
772 635 838 660 senec·

49 682 89 715 tute
97 676 152 716 bona,
162 671 190 707 eis
199 680 247 715 quae
255 669 289 707 hic
297 674 342 707 sunt
349 670 429 714 relictis,
439 669 511 705 Christi
517 681 598 717 regnum
607 672 706 709 consecuti
715 675 766 715 sunt,
775 682 838 706 exem·

49 724 89 772 pler
95 720 146 756 vitae
154 728 178 753 ac
187 715 285 761 specimen
296 717 322 756 ad
332 717 423 752 virtutem
434 715 599 752 accuratissimum
611 728 663 754 suam
671 717 732 754 vitam
739 716 838 753 Romanae

50 765 156 815 republicae
164 761 237 807 largiti.

93 808 176 846 CXLIV.
196 806 285 843 Ceterum
299 817 336 853 ego
350 803 440 842 Clemens
455 819 497 843 cum
511 806 602 844 fratribus
616 808 679 845 adhuc
693 808 744 855 apud
758 807 836 843 Petrum

50 860 144 895 doctorem
154 853 226 897 mansi,
239 852 271 898 qui
283 851 408 899 evangelicae
420 853 560 899 praedicationi
571 853 684 898 insistebat,
697 858 717 891 et
730 853 838 899 complanes

5 932 7 935 ,
49 903 104 941 variis
115 899 185 936 morbis
197 909 220 935 ac
231 897 387 945 perpessionibus
400 898 484 935 curabat.
508 899 585 935 Deinde
599 900 632 935 ille
641 900 721 936 urbibus
729 899 837 946 peragratis

50 951 125 986 Romam
134 955 208 992 quoque
216 943 314 990 pervenit,
327 946 385 989 atque
396 944 421 979 iis
430 945 462 991 qui
473 945 612 981 concurrebant
623 946 702 982 verbum
712 946 793 992 pietatis
805 956 838 980 an-

48 991 154 1035 nunciavit,
166 990 274 1035 multosqne
300 1000 320 1025 er
330 988 447 1036 baptismum
457 990 538 1026 adduxit
550 990 575 1026 ad
587 990 659 1027 Christi
671 991 786 1039 religionem
798 994 838 1026 tam

49 1041 97 1076 viros
105 1048 161 1084 quam
169 1036 258 1071 mulieres
267 1045 279 1071 a
293 1046 322 1079 eo,
330 1039 352 1070 ut
361 1038 381 1072 et
388 1036 442 1072 brevi
450 1039 535 1082 tempore
543 1036 637 1072 nobilium
643 1036 745 1072 mulierum
754 1036 837 1072 clarissi-

49 1086 92 1129 mis,
101 1093 185 1130 quasque
194 1081 257 1117 solent
268 1086 366 1117 aratroque
375 1093 496 1128 nuncupare,
506 1081 643 1128 propemodum
654 1082 750 1117 universis
761 1093 838 1128 persua-

50 1131 99 1173 serit,
108 1128 133 1164 ad
142 1131 229 1163 sanctum
237 1126 334 1173 baptisma
342 1125 447 1175 confugere
456 1138 479 1163 ac
487 1126 530 1162 Deo
540 1127 623 1162 credere.

93 1173 168 1210 CXLV.
193 1172 232 1208 Sed
243 1175 263 1208 et
274 1172 312 1219 ipsi
323 1172 361 1208 iam
372 1173 414 1208 vita
424 1172 551 1218 relinquenda
562 1171 600 1207 fuit
612 1174 632 1207 et
642 1171 804 1219 proficiscendum
812 1173 838 1207 ad

49 1220 158 1268 magistrum
167 1217 265 1254 Christum
273 1217 371 1266 evangelii
380 1229 436 1254 cursu
447 1221 584 1254 consummato.
608 1217 632 1252 Id
640 1218 711 1265 quippe
720 1229 763 1253 cum
771 1220 838 1252 notum

49 1267 77 1302 illi
85 1269 141 1309 esset,
151 1268 171 1300 et
179 1265 242 1311 ipsum
250 1264 275 1299 ad
284 1275 365 1307 crucem,
374 1267 396 1299 ut
405 1275 448 1300 eum
455 1263 548 1311 magistro
556 1263 667 1310 passionem
673 1267 693 1299 et
713 1263 781 1299 loriam
788 1274 838 1299 com-

49 1322 121 1347 munem
128 1309 214 1355 haberet,
223 1320 266 1345 esse
275 1309 413 1354 damnandum,
424 1321 463 1344 una
475 1309 599 1356 congregatis
608 1309 684 1346 cunctis
694 1275 797 1352 detritus,
806 1320 839 1355 ap-

49 1356 141 1403 prehensa
151 1367 209 1392 manu
219 1366 272 1399 mea,
284 1358 338 1390 stans
350 1355 370 1390 iu
381 1355 445 1390 media
456 1355 549 1391 concione
561 1358 581 1390 et
592 1354 676 1391 ecclesia
683 1354 756 1390 Audite
765 1366 802 1398 me,
810 1354 838 1389 in-

50 1402 98 1448 quit,
110 1400 146 1436 filii
158 1405 178 1437 et
188 1401 266 1437 tratres:
280 1412 346 1436 cursus
357 1400 435 1447 quidem
446 1401 485 1436 mei
496 1399 541 1435 finis
552 1411 612 1447 prope
624 1405 662 1445 est3
674 1401 696 1436 id
706 1400 758 1437 enim
769 1405 789 1435 et
800 1399 839 1435 iam

50 1446 94 1482 milri
103 1450 133 1482 est
141 1447 250 1494 cognitum,
260 1444 379 1482 Clementem
387 1449 452 1482 autern
459 1445 511 1481 bunc
518 1446 630 1492 episcopum
635 1446 691 1482 vobis
699 1446 757 1482 hodie
765 1445 839 1489 ordino,

49 1492 78 1528 cui
92 1496 111 1527 et
124 1503 186 1528 meam
202 1502 310 1528 sermonum
325 1491 435 1527 cathedram
447 1490 512 1535 credo,
528 1491 617 1537 quoniam
628 1491 652 1528 ab
669 1492 725 1527 initio
739 1490 838 1537 hucusque

50 1548 109 1574 comes
116 1537 163 1572 mihi
171 1537 215 1582 fuit,
224 1537 291 1583 sicque
299 1548 365 1573 omnes
375 1536 450 1573 audivit
456 1537 559 1573 conciones
565 1548 624 1581 meas,
634 1537 665 1583 qui
673 1538 693 1573 in
699 1536 788 1573 omnibus
796 1548 838 1582 par-

48 1583 108 1629 ticeps
119 1583 249 1619 tentationum
257 1585 277 1618 et
287 1582 452 1629 periclitationem
463 1594 547 1619 mearum
558 1582 622 1618 factus
634 1584 655 1618 in
666 1582 705 1619 fide
716 1592 838 1629 perseverare

38 1648 39 1651 =
49 1628 135 1663 inventus
144 1632 180 1673 est,
190 1639 246 1675 quem
254 1638 291 1675 ego
300 1628 383 1664 omnium
392 1628 499 1663 certissime
511 1628 557 1663 novi
567 1639 610 1663 esse
618 1627 657 1664 Dei
669 1628 762 1664 cultorem
774 1630 797 1662 et'
805 1626 837 1662 ho-

49 1673 117 1708 minum
126 1677 230 1719 amantem,
242 1677 317 1709 castum
330 1677 350 1708 et
361 1677 510 1719 temperantem,
521 1672 601 1716 bonum,
613 1673 693 1715 iustum,
716 1672 809 1708 atientem
818 1677 838 1706 et

49 1718 143 1755 valentem
153 1718 230 1755 fortiter
239 1718 289 1754 ferre
299 1719 377 1764 ingrata
387 1717 474 1753 facinora
484 1718 627 1761 nonnullorum,
640 1718 673 1765 qui
684 1717 699 1754 C
723 1717 795 1753 istiana
803 1716 837 1751 im·

49 1763 131 1799 buuntur
139 1764 232 1800 doctrina.
256 1763 318 1805 Quare
327 1763 357 1798 illi
364 1763 419 1798 trado
428 1767 546 1809 potestatem
553 1762 629 1810 ligandi
637 1767 657 1800 et
666 1763 758 1800 solvendi.
778 1762 837 1810 Liga-

49 1808 76 1844 bit
85 1809 145 1854 enim,
157 1809 208 1855 quod
216 1809 274 1856 ligari
285 1812 369 1855 oportet,
384 1811 404 1844 et
415 1808 477 1844 solvet
485 1808 572 1852 omnino,
582 1808 634 1854 quod
643 1808 692 1845 solvi
700 1808 765 1852 debet,
774 1812 796 1843 ut
805 1808 837 1854 qui

49 1855 141 1890 ecclesiae
151 1866 243 1890 canonem
251 1865 274 1889 ac
282 1855 369 1901 regulam
376 1852 435 1900 probe
445 1857 555 1901 cognoscat.
571 1853 638 1899 Ipsum
646 1866 692 1902 ergo
701 1854 767 1890 audite
776 1853 838 1889 scien-

49 1903 77 1934 tes
86 1911 134 1944 eum,
144 1899 176 1945 qui
184 1899 273 1935 veritatis
281 1899 366 1946 praesidi
374 1899 483 1935 molestiam
492 1899 579 1943 exhibet,
592 1899 612 1934 in
621 1898 719 1935 Christum
730 1910 811 1946 peceare
820 1903 839 1935 et

49 1944 110 1980 Deum
118 1945 249 1981 universorum
260 1948 335 1990 patrem
347 1944 428 1980 incitare
437 1944 525 1991 adirem,
538 1948 654 1991 quapropter
664 1957 703 1981 non
710 1945 769 1981 vivet.
793 1944 838 1991 Ipse

49 1989 112 2069 {taque
121 2002 198 2037 praeses
207 1990 265 2026 debet
273 1990 345 2026 medici
352 1990 416 2026 locum
425 1990 521 2035 obtinere,
534 2001 573 2026 non
584 1990 660 2027 bestiae
671 1991 746 2027 ratione
756 1990 839 2026 carentis

58 2047 133 2072 urorem.

94 2080 180 2118 CXLVI.
203 2081 259 2118 Haec
271 2093 293 2119 eo
307 2081 384 2118 dicente
396 2093 432 2129 ego
446 2080 535 2117 Clemens
546 2081 648 2128 procidens
660 2082 758 2118 interram
767 2082 839 2117 multus

50 2136 99 2162 eram
107 2127 127 2163 in
135 2128 207 2164 orando
217 2127 301 2173 doctore,
311 2128 357 2164 etin
366 2127 412 2164 sede
421 2139 478 2174 quarn
486 2127 567 2164 maxime
576 2126 703 2173 deprecanda.
716 2127 755 2164 Sed
763 2127 840 2163 divinus

53 2209 185 2217 R

51 2257 107 2287 nostra
121 2256 169 2301 Epit.
185 2275 209 2280 -
224 2253 242 2300 2)
260 2255 353 2304 ἐχομένου
370 2257 391 2289 D.
407 2275 430 2280 —
460 2256 505 2289 Vita.
528 2256 561 2288 Cot.
580 2255 656 2297 Vulgata
663 2256 714 2289 lectio
723 2259 749 2289 est
756 2256 775 2289 in
784 2256 803 2297 C,
812 2256 841 2290 sed

50 2295 71 2341 3)
80 2298 112 2333 ἐπὶ
125 2303 144 2334 B.
160 2303 271 2336 Scribendum
288 2303 363 2336 videtur:
383 2299 429 2347 Ἐγὼ
459 2311 497 2333 cum
505 2300 638 2344 transpositione
646 2300 687 2335 otor
699 2298 800 2348 perpetuae
807 2314 840 2336 κα-

1 2365 3 2367 ν
51 2345 86 2388 μέν
94 2358 124 2381 τοι
131 2345 207 2394 Κλήμης
214 2372 264 2382 .....
273 2345 383 2395 μεμενηκιὸς
395 2344 430 2391 (vel
459 2344 560 2388 ren—o)
570 2349 635 2380 πεῖσαι
644 2358 677 2380 om.
687 2348 708 2380 D.

51 2391 106 2433 potius
120 2394 161 2426 Gen.
176 2391 381 2441 absol,).....icrpre¹uqr
397 2393 430 2428 ἐπὶ
493 2392 533 2435 Cap.
543 2392 612 2425 CXLV.
630 2389 649 2437 1)
661 2390 697 2436 ἤδη
709 2393 744 2426 des.
755 2394 774 2426 in
786 2394 807 2426 D.
818 2412 841 2417 -—

52 2432 83 2474 τὰς
98 2436 162 2478 πόλεις
174 2440 213 2474 mr.
232 2457 255 2463 -
274 2437 293 2485 4)
309 2437 394 2485 reptes
410 2439 428 2480 e,
457 2436 537 2480 -an
546 2437 584 2471 nm
597 2433 613 2477 4,
623 2436 639 2472 r.
654 2456 674 2463 -
685 2435 704 2482 3)
715 2438 773 2472 zoam
782 2439 803 2471 u.
813 2449 839 2482 ap.

52 2477 135 2527 dztyysts
143 2486 173 2518 BD
183 2489 200 2519 et
208 2486 229 2518 nl
238 2497 265 2529 ap.
274 2483 369 2529 Cot-5)
378 2485 428 2525 Legit
458 2484 494 2516 Cot.
509 2502 531 2506 —
553 2480 572 2522 4)
586 2479 670 2518 πιστεύω
687 2495 707 2516 er
722 2484 772 2525 BGD,
789 2485 840 2516 Hom.

51 2526 130 2563 Barthius
143 2531 173 2564 lib.
186 2529 214 2564 32,
234 2531 374 2564 Adversariorum
392 2540 428 2574 cap.
457 2528 536 2572 Epistola
552 2528 643 2562 Clementis
658 2529 678 2561 ad
696 2529 776 2562 Iacobum
793 2540 807 2562 c.
823 2528 840 2572 2,

51 2567 73 2603 14
81 2569 100 2612 ἃς
107 2577 137 2609 καὶ
146 2573 265 2621 ματρώναςὸ
278 2574 333 2622 λόγος
343 2574 383 2610 cide
395 2588 428 2609 κα·
457 2576 515 2606 nostra
525 2574 573 2618 Epit.
586 2577 603 2607 et
613 2574 634 2607 al.
644 2585 670 2618 ap.
684 2574 726 2616 Cot,
738 2573 841 2609 ἐπίστευσα

51 2616 89 2669 teir
94 2631 146 2663 parva
152 2623 220 2665 quidem
226 2623 363 2667 transpositione,
370 2632 428 2654 verum
457 2620 502 2661 vulg.
512 2616 564 2664 «5)
577 2616 637 2657 οὕτως
649 2620 698 2661 BCD,
710 2621 743 2664 up.
755 2621 807 2655 Clem.
820 2622 841 2654 ad

51 2665 224 2713 mrnimenecessaria.
244 2669 277 2700 Per
285 2672 370 2701 matronas
378 2667 428 2699 intel·
458 2666 491 2698 lac.
499 2665 511 2698 1.
519 2676 533 2699 c.
549 2668 566 2697 et
577 2665 593 2698 V
608 2668 674 2698 nostrae
688 2666 746 2710 Epit,
763 2664 812 2701 οὕτω
827 2668 840 2700 0

50 2706 125 2749 hguntur
136 2713 216 2747 honestae
227 2714 308 2755 feminae,
320 2714 391 2746 honesto
399 2723 429 2745 no·
458 2714 526 2744 nostrae
537 2710 584 2755 Epit
599 2713 616 2743 et
630 2711 675 2753 vulg.
690 2730 709 2735 -
727 2709 746 2756 b')
761 2709 842 2747 ἐπακού-

51 2751 114 2798 bilique
121 2758 159 2791 loco
169 2763 227 2802 natac,
241 2763 259 2792 ut
271 2760 326 2792 dicere
334 2762 359 2792 est
371 2763 391 2791 cr
399 2758 430 2791 Ce·
461 2765 515 2791 estora
523 2758 543 2789 B.
554 2774 576 2779 -
588 2752 606 2800 7)
619 2756 661 2789 Luc.
670 2755 698 2796 22,
707 2755 735 2790 28.
745 2776 767 2780 —
779 2756 797 2803 8)
806 2760 841 2804 φέ-

53 2797 103 2834 drcno
111 2806 128 2835 et
136 2804 200 2837 Servio.
212 2801 267 2848 ἑορτὴ
276 2805 314 2840 τῶν
323 2809 431 2849 Morpwuo-
461 2814 500 2847 ρειν
508 2813 541 2835 om.
550 2802 567 2834 C⁴
576 2819 600 2824 -
609 2798 627 2844 9)
636 2814 656 2837 τε
664 2813 697 2835 om.
705 2804 727 2836 D.
736 2804 770 2836 Otr,
779 2805 840 2837 Matth.

52 2843 96 2881 λίιυν
104 2853 206 2882 memoratur
215 2851 325 2883 aPlutarcho
336 2851 355 2882 in
363 2850 432 2883 Romuli
462 2847 484 2882 16
493 2851 510 2881 et
519 2845 545 2879 18.

698 2918 706 2942 7
