1827 3065
185 112 216 144 nn
226 112 359 146 cummunis
368 112 423 146 non.
433 112 497 150 curn
505 112 558 145 run.
566 110 688 146 noumms,
792 100 835 143 319

42 209 125 250 πώσατο.
139 208 210 246 Contra
219 211 286 247 verba:
296 210 326 248 ιλιὸ
335 216 428 259 κρίνας-
436 211 540 260 άνθρωπον
553 208 682 247 construenda
690 211 736 244 sunt
744 220 788 245 cum
795 220 835 245 ver-

41 257 72 295 bis
81 256 215 301 sequentibus:
230 256 239 292 ὁ
249 256 306 293 αὐτὸν
315 260 376 303 σέβειν
384 261 446 295 θέλων
455 257 490 304 τὴν
501 257 571 305 ὁρατὴν
580 257 641 294 αὐτοῦ
652 258 699 305 τιμᾷ
711 254 778 298 εἰκόνα,
788 255 836 304 ὅπερ

0 306 3 318 ³
52 306 94 339 στὶν
102 303 210 350 άνθρωπρς,
234 301 255 336 Ρ.
264 302 304 346 362,
313 303 356 349 5sq.
367 301 410 339 fieri
423 306 488 350 petest
499 308 521 339 ut
533 303 621 339 codicum
633 302 740 349 scriptura:
756 300 796 337 οὐθ’
806 300 836 337 ὅτι

0 374 3 393 ,
90 348 110 385 ‘v
118 349 196 388 ἕκαστος
204 346 270 390 ἐλθών,
280 348 308 396 ἐφ’
319 346 347 390 οἷς
356 350 453 396 ἐποίησεν,
466 350 490 391 ὠς
498 350 555 391 αὐτὸς
564 348 590 387 ὤν
598 351 696 396 αὐθέντης,
706 346 764 385 αὐτὸν
773 345 836 399 ἤγγει-

42 399 74 432 λεν
86 394 106 429 in
117 393 181 429 verbis
193 392 260 430 ἑαυτὸν
273 397 292 429 et
305 394 362 430 αὐτὸν
373 394 461 430 binarum
471 396 606 432 recensionum
616 394 712 431 lectiones
725 395 836 429 servaverit.

42 440 93 486 Ergo
106 439 219 475 alterutrum
229 438 308 474 verbum
321 439 424 475 delendum
435 440 481 486 erit3
496 444 516 476 et
532 452 556 476 ex
567 446 633 477 nostra
647 440 725 488 quidem
738 438 836 475 sententia

43 486 129 522 alterum.
153 485 184 520 Dc
193 485 237 521 loco
246 488 339 532 corrupto,
349 485 381 531 qui
390 489 420 521 est
428 498 446 533 p.
455 487 580 534 337,4supra
588 500 606 534 p.
615 487 650 523 314
658 486 747 522 diximus,
770 484 836 521 Verba

43 531 114 578 etipsa
123 530 235 578 depravata,
249 541 297 576 quae
310 534 354 566 sunt
364 543 382 577 p.
391 531 431 576 393,
441 531 468 575 14,
482 533 606 568 tractabimus
614 533 665 568 infra
676 546 694 580 p.
703 533 743 568 320.
767 531 797 566 Ex
804 530 836 574 iis,

43 588 92 623 quae
100 577 192 623 leguntm'
199 589 217 622 p.
225 576 266 620 402,
276 579 353 623 praeter
360 576 420 612 verba
427 589 444 612 v.
454 578 507 624 lbsq.
515 578 586 624 posita,
599 590 647 625 quac
653 580 695 624 jam
702 577 770 625 paullo
779 587 838 633 supra

43 623 63 658 in
72 633 150 658 censum
158 621 275 666 vocavimus,
283 622 321 657 huc
329 622 426 667 pertinent
434 635 451 657 v.
460 623 481 658 18
489 634 527 669 sq:
538 624 548 659 ὁ
558 626 577 660 ot
587 624 651 673 ἕτερόν
660 639 676 660 τι
686 627 783 671 γενέσθαι,
793 623 808 664 ὁ,
818 637 837 659 τι

43 671 101 710 θέλει,
109 667 136 717 μὴ
145 667 255 716 δυνάμενος,
264 666 289 710 ὦς
298 667 423 717 ὑποκείμενος
431 669 453 717 τῇ
461 668 520 705 αὑτοῦ
527 668 589 715 φύσει,
598 668 733 715 θνητόςὲστιν,
742 668 776 704 ubi
781 678 837 714 prae-

44 716 95 748 stare
107 723 185 748 censeo:
200 712 267 754 αὑτοῦ,
279 716 301 748 ut
314 724 371 759 supra
380 725 399 759 p.
408 713 447 757 299,
456 713 498 760 0sq.
516 713 547 749 De
558 714 657 760 loco,„qui
667 718 696 750 est
704 727 722 761 p.
730 713 771 757 403,
781 715 803 749 16
808 724 835 759 sq.

44 768 122 803 agemus
133 758 188 794 infra.
203 758 224 792 P.
232 758 273 800 400,
286 759 308 793 18
323 759 396 793 editum
408 762 438 794 est
452 769 475 793 ex
487 759 554 794 eotlice
568 758 592 794 0:
610 761 652 804 ἡκεν
663 760 673 795 ὁ
687 759 748 807 πατὴρ
761 759 837 801 αὐτόθι,

45 803 79 839 τὸν
90 808 165 850 Πέτρον
176 803 224 852 ἡμῖν
238 808 282 848 περὶ
299 803 359 839 αὐτοῦ
371 803 505 852 διαλεγόμενον
521 805 633 850 καταλαβών.
656 805 764 841 Pronomen
777 803 838 840 αὑτοῦ

45 852 120 894 spectat
136 849 161 883 ad
176 851 250 894 patrem
267 848 382 893 Clementis,
398 861 438 885 non
453 849 478 883 ad
494 849 577 884 Petrimr.
600 849 689 896 Denique
705 862 724 896 p.
740 850 781 893 415,
793 850 837 894 3sq.

45 893 106 929 codex
117 892 132 929 Ο
144 894 234 941 praebet:
249 896 308 931 αὐτοῦ
318 894 408 931 Φαύστου
420 898 582 938 παρακαλέσαντος
593 896 650 932 αὐτόν
662 900 696 939 (ευ.
708 894 837 942 κὸνΣιζιιωνα)

46 940 76 976 ὅτι.
90 939 116 988 μὴ
129 942 193 977 ἔθελεν
205 940 251 990 ὁρᾶν
263 940 307 981 τοὺς
319 939 378 976 αὐτοῦ
388 939 441 981 υἱοὺς
451 941 553 981 ’[ουιλαίοας
564 945 708 989 γεγενημένους,
722 940 756 976 ubi
766 939 837 975 vellem

45 985 138 1032 scriptum
147 988 208 1021 esset:
217 987 281 1030 αὑτοῦ,
290 997 314 1021 ne
322 985 376 1022 locus
384 997 483 1033 perperam
494 986 557 1032 accipi
568 986 596 1021 ita
606 991 681 1033 posset,
694 986 749 1033 quasi
758 985 781 1020 (le
790 984 837 1020 filiis

46 1030 127 1067 Simonis
136 1042 197 1067 sermo
207 1035 264 1067 esset.
274 1052 295 1058 -
306 1031 414 1067 Redeamus
421 1033 463 1079 jam
473 1033 494 1068 in
502 1033 596 1076 ordinem,
607 1044 635 1075 ea,
644 1043 694 1078 quae
703 1033 753 1078 adp.
762 1031 796 1066 388
805 1030 838 1066 ad-

45 1077 130 1112 notanda
137 1080 220 1122 restant,
229 1077 250 1112 in
258 1077 342 1113 medium
349 1078 448 1123 prolaturi.
467 1078 491 1115 V.
499 1078 522 1112 12
530 1078 619 1114 lacunam
632 1089 681 1124 quae
693 1081 724 1113 cst
735 1079 785 1112 inter
797 1080 838 1114 ἔθει

46 1126 66 1158 et
74 1122 131 1172 παρὰ,
140 1122 210 1169 aliquis
217 1123 269 1158 dicat
276 1123 391 1170 explendam
397 1134 440 1159 esse
446 1124 480 1170 ita,
488 1128 510 1159 ut
516 1123 625 1159 inserantur
632 1124 701 1158 verba:
711 1127 750 1159 καὶ
757 1123 805 1169 γάρ.
818 1120 838 1157 Si

46 1172 112 1204 tamen
120 1168 195 1215 aliquid
204 1169 287 1205 dandum
296 1169 319 1212 ei,
329 1168 385 1213 quod,
393 1173 415 1204 ut
421 1169 517 1205 Dresselii
524 1169 589 1205 verbis
595 1172 676 1213 utamur,
685 1180 742 1214 supra
750 1168 840 1203 lacunam

46 1213 115 1261 signa*
123 1218 222 1261 apparent,
229 1214 294 1261 potius
301 1214 397 1250 scribatur
403 1219 487 1261 oportet:
496 1214 507 1261 ἢ
515 1214 549 1258 οὐ,
559 1225 596 1260 quo
605 1214 658 1249 facto
666 1213 726 1249 uerba
732 1213 752 1248 in
760 1213 839 1248 interro-

46 1260 125 1306 gatione
134 1271 176 1296 csse
184 1261 249 1306 posita
258 1260 380 1296 statuendum
389 1262 430 1295 crit.
438 1282 462 1286 —
469 1260 493 1297 V.
503 1260 525 1295 13
534 1270 583 1307 quae
592 1259 687 1305 reperitur
694 1259 765 1294 lacuna
772 1258 840 1305 procul

46 1306 105 1341 dubio
124 1305 153 1341 ita
164 1305 260 1351 explenda
271 1311 310 1350 est,
323 1308 346 1340 ut
360 1305 464 1340 scribatur:
477 1305 614 1352 χαλεπώτατον
626 1304 802 1352 ἀπαγορεύεται..
817 1323 841 1329 -

45 1351 69 1387 V.
78 1351 100 1386 19
106 1361 132 1396 sq.
142 1350 170 1386 ita.
179 1350 271 1397 scriptum
280 1355 315 1394 est,
325 1353 411 1396 exparte
421 1351 445 1386 de
454 1352 575 1397 conjectura:
587 1354 618 1386 καὶ
628 1349 680 1386 άλλοι
690 1352 757 1395 σάρκας
765 1349 840 1397 ἀνθρώ-

46 1410 89 1433 πων
101 1398 208 1439 ἐσθίουσιν,
225 1400 255 1432 καὶ
271 1397 293 1432 οὐ
304 1394 441 1444 μυσάττονται’
453 1400 484 1432 καὶ
495 1397 556 1444 ἕτεροι
569 1394 592 1431 τὰ
602 1397 664 1432 κυνῶν
675 1400 706 1432 καὶ
718 1395 763 1432 ἄλλα
771 1394 841 1444 άρρητα

46 1441 171 1489 πράσσουσιν.
184 1439 249 1477 Codex
258 1439 283 1476 0,·
291 1445 321 1478 καὶ
330 1441 390 1488 ἕτεροι
403 1445 466 1478 κυνῶν
472 1445 503 1478 καὶ
511 1440 563 1477 tuor
571 1440 641 1489 ἰέρρητα
652 1441 776 1487 πράσσουσιν.
796 1441 841 1477 Non

46 1487 120 1531 dubito,
132 1487 179 1532 quin
187 1486 292 1534 legendum
301 1486 334 1521 sit:
346 1491 376 1524 καὶ
384 1488 444 1534 ἕτεροι
453 1489 522 1523 κυνῶν
535 1491 566 1523 καὶ
573 1486 626 1523 ἄλλοι
636 1485 691 1523 tata
698 1485 768 1534 άρρητα
779 1486 841 1532 πράσ-

47 1545 120 1569 σουσιν.
143 1531 171 1567 At
184 1532 243 1568 rerba
255 1536 285 1569 καὶ
297 1533 357 1576 ἕτεροι
371 1535 434 1570 κυνῶν
445 1543 468 1567 en
479 1533 598 1579 praegnessis
612 1532 731 1579 cogitatione
749 1534 841 1578 supplen-

47 1578 101 1614 dum:
115 1576 183 1626 σάρκας
194 1579 299 1615 ἐσθίουσιν.
324 1577 405 1614 Scilicet
417 1580 523 1614 seeundum
535 1577 587 1614 Sext.
598 1576 670 1625 Empir.
682 1590 701 1624 p.
713 1577 747 1613 184
763 1581 841 1626 Θρακῶν

48 1626 97 1662 ἔνιοι
106 1628 221 1671 κυνοᾳαγεῐν
232 1625 359 1670 ἱστοροῦνται.

70 1669 91 1705 P.
100 1668 139 1711 339,
147 1670 158 1704 2
166 1679 190 1704 ne
200 1668 243 1714 quis
251 1668 301 1704 forte
310 1670 399 1705 mendum
409 1669 470 1704 latere
484 1667 589 1713 existimet,
602 1679 679 1713 moneo,
691 1668 752 1704 verba
760 1668 788 1704 sic
798 1680 841 1704 esse

48 1715 184 1751 construenda:
197 1713 285 1758 αἰσθήσει
294 1714 332 1751 ὑπὸ
345 1717 401 1755 ἔθους
411 1717 523 1763 ἒκτραπείσῃ
532 1717 568 1751 κου’
575 1714 621 1750 κατά
630 1713 693 1762 φύσιν,
708 1724 732 1758 „e
741 1726 799 1750 sensu
808 1714 841 1760 qui

47 1772 99 1796 more
108 1760 173 1807 aliquo
180 1770 257 1795 aversus
265 1764 295 1795 est
301 1761 325 1796 ab
333 1772 361 1805 eo,
371 1761 423 1807 [μοι]
430 1763 510 1795 naturae
519 1770 627 1807 congruens
636 1762 684 1795 estc<
693 1780 716 1785 -·
722 1759 745 1795 V.
753 1760 766 1795 4
773 1760 841 1796 verba:

49 1806 80 1843 ὅτι
88 1827 110 1833 -
118 1808 180 1855 κλοπῇ
189 1804 251 1847 οὐδεὶς
259 1807 292 1843 ἐπὶ
304 1809 326 1849 τῆ
339 1808 408 1844 ἑαυτοῦ
415 1805 489 1843 κολάσει
498 1805 573 1850 alileam,
583 1804 695 1853 significare
703 1816 742 1841 non
749 1809 841 1852 possunt:

48 1863 119 1898 „quum
125 1862 188 1897 poena
194 1850 217 1887 cb
224 1851 297 1886 fuitum
304 1852 342 1887 sibi
347 1851 422 1887 inflicta
427 1851 492 1886 nullus
500 1851 625 1887 detestetur.
638 1849 720 1886 Omnino
729 1862 768 1886 non
774 1851 841 1898 liquet,

48 1897 95 1944 quid
109 1896 147 1932 sibi
159 1896 208 1932 velit
224 1898 377 1934 commemoratio
389 1896 445 1939 furti,
458 1908 516 1942 quum
529 1907 590 1932 sermo
602 1897 628 1931 sit
640 1896 664 1931 (le
678 1896 742 1934 caede.
765 1896 843 1945 Ergone

48 1946 139 1989 posucrat
148 1942 176 1978 sic
185 1942 276 1989 scriptor:
289 1943 327 1990 (ὅτι
338 1945 404 1992 μηθεὶς
411 1942 445 1990 -)
457 1947 487 1979 καὶ
498 1943 575 1988 κοπὴν
583 1946 634 1983 θεὶς
643 1944 675 1979 ἐπὶ
684 1943 742 1978 cett?
754 1942 843 1979 Vocabu-

48 1990 88 2024 lum
96 1987 146 2033 κοπὴ
155 1987 253 2033 „eaedem
261 1991 358 2036 stragem“
368 1987 467 2035 significat
475 1989 496 2023 in
502 1999 532 2034 ep.
541 1988 566 2024 acl
572 1987 671 2024 Hebraeos
679 1987 723 2032 VH,
731 1990 747 2023 1.
753 2010 776 2014 —
783 1988 843 2024 Prae-

48 2039 102 2071 terea
114 2033 194 2081 (lignum
205 2037 244 2078 est,
256 2033 282 2069 ad
295 2034 347 2081 quod
358 2035 401 2081 quis
412 2034 496 2070 animum
510 2033 607 2078 advertat,
621 2032 709 2068 verbum:
725 2033 844 2070 ιιιλτοπαθεῖν

48 2081 115 2127 paullo
125 2091 182 2126 supra
190 2079 303 2116 adhibitum.
320 2080 356 2116 Est
365 2080 416 2115 enim
423 2079 525 2126 pernarum.
539 2101 562 2106 —
577 2078 685 2125 Sequuntur
692 2090 709 2113 v.
718 2078 774 2125 4sqq⁴
783 2080 844 2115 verba

50 2130 148 2172 corrupta:
160 2124 194 2162 κᾶν
203 2124 237 2162 οὖν
245 2124 288 2167 ἑνὸς
299 2126 395 2171 ciriciacus
403 2126 559 2175 ὁμολογουμένου
568 2125 615 2161 εἶναι
621 2122 751 2172 ἁμαρτήματα,
760 2127 779 2164 ἐξ
786 2124 843 2173 ἀνάγ-

49 2186 82 2218 κης
89 2175 120 2208 καὶ
128 2177 194 2218 τρίτην
201 2176 264 2219 κρίσιν
272 2171 320 2216 πρὸς
329 2172 351 2210 τά
359 2171 481 2219 ἁμαρτήματα
490 2171 552 2217 ὀρθῶς
561 2171 601 2206 ἔστι
609 2171 725 2216 προσδοκᾶν.
749 2169 843 2206 Tentavit

49 2217 112 2253 locum
118 2217 159 2263 Jam
167 2215 285 2252 Uhlhornius
293 2219 306 2253 l.
315 2228 330 2252 c.
339 2230 358 2264 p.
367 2217 406 2260 199,
420 2216 463 2251 adn.
473 2217 501 2260 ‘l0‚
509 2226 575 2250 verum
584 2214 620 2257 ita,
632 2219 655 2249 ut
666 2214 712 2250 ferri
720 2227 759 2251 non
765 2216 842 2262 possint

50 2263 111 2309 ipsius
121 2263 250 2308 conjecturae.
269 2262 331 2299 Nobis
340 2265 426 2297 nontam
434 2260 493 2296 verba
505 2260 539 2297 οὖν
548 2260 590 2300 ἑνὸς
599 2260 693 2296 mendosa
702 2272 745 2297 esse
750 2261 844 2307 yidentur

50 2320 107 2354 quam
114 2307 230 2343 uocabulum
238 2306 343 2353 οὐιλήποτε,
356 2318 389 2352 pro
402 2318 438 2352 quo
447 2306 577 2352 reponendum
585 2306 718 2353 proponimus:
732 2309 757 2344 οὑ
766 2306 843 2352 ιλήποτε.

49 2355 108 2390 Porro
116 2353 175 2389 verba
181 2356 211 2389 καὶ
220 2357 288 2400 τρίτην,
298 2353 394 2398 inquibus
400 2353 444 2398 jure
454 2351 667 2396 offenditUhlhornius,
676 2352 768 2388 mutanda
775 2363 843 2389 cense-

50 2412 92 2435 mus
101 2399 129 2435 in:
138 2402 169 2435 καὶ
176 2397 216 2444 κάρ
222 2413 248 2434 τα
258 2397 302 2445 τὴν,
310 2420 333 2424 -
341 2398 365 2434 V.
372 2397 438 2444 l4sqq.
446 2396 557 2434 Dresselius
565 2398 638 2434 codicis
646 2396 661 2433 O
670 2397 783 2444 scripturam
790 2410 843 2434 rece-

50 2446 80 2492 pit
87 2445 170 2481 hancce:
181 2444 218 2480 ιλλλ
228 2447 259 2480 ἵνα
266 2444 292 2491 μὴ
302 2443 373 2484 ιλόξιισί
380 2456 429 2484 τινες
437 2445 475 2480 τῶν
485 2442 619 2489 παρεστώτων,
629 2444 658 2480 ὅτι
668 2444 754 2481 satorum]
763 2443 812 2493 πρὸς
821 2444 843 2481 τά

52 2492 90 2528 ὑπὸ
99 2493 136 2528 σοῦ
143 2493 225 2540 ῥηθέντα
235 2489 375 2537 ἀποκρίνασθαι
386 2488 509 2539 [προφάσεως
516 2492 668 2540 ιλιιιμαχανιῦμαι)
681 2491 717 2536 ἐρῶ
726 2492 771 2525 cett.
795 2488 843 2526 Pos-

50 2542 112 2574 trema
125 2536 184 2572 verba
199 2546 256 2572 sensu
267 2535 344 2571 omnino
359 2546 415 2571 cassa
426 2538 475 2571 sunt.
496 2535 631 2572 Scribendum:
644 2534 678 2578 ὅτι,
691 2536 810 2572 ιλιλυνατῶν
822 2557 844 2563 -
882 2560 884 2563 ν

51 2585 197 2631 ἀποκρίνασθαι,
207 2595 251 2630 προ
260 2581 343 2629 φάσεις
351 2583 501 2630 ιλιαμηχανίῦμαι.
514 2581 623 2629 Προιγάσεις
632 2583 773 2629 ιλιαμηγανιῦμαι
785 2581 845 2629 signi-

51 2629 106 2665 ficat:
120 2630 243 2674 „praetextus
252 2628 283 2673 (nc
292 2626 345 2673 loqui
354 2639 401 2674 opus
411 2627 500 2671 habeam)
509 2628 577 2663 molior
585 2638 657 2662 summo
666 2625 749 2661 saucios.
758 2648 782 2653 —
790 2627 813 2664 V.
823 2627 845 2663 17

51 2673 164 2722 legendum:
176 2672 216 2721 ἆρά
226 2687 253 2720 γε.
265 2694 289 2699 -
301 2672 324 2709 V.
335 2673 356 2709 18
364 2673 504 2719 reponendum:
519 2673 564 2711 οὐδὲ
575 2672 630 2720 μὴν,
642 2671 693 2718 quod
701 2672 764 2719 ipsum
772 2673 846 2722 legitur

51 2720 117 2770 paullo
126 2719 182 2763 infra,
191 2731 209 2766 p.
218 2719 258 2762 390,
267 2719 283 2754 0.
291 2740 314 2745 -
321 2717 346 2754 V.
355 2719 377 2755 20
386 2719 478 2766 scriptum
487 2718 579 2766 oportuit:
590 2720 636 2755 ἔστι.

95 2765 116 2801 P.
125 2765 165 2810 390,
174 2766 185 2800 2
193 2777 227 2812 pro
237 2764 274 2802 οὔτ’
284 2764 318 2803 οὖν
327 2764 440 2812 legendum:
453 2765 527 2802 οὔκουν.
540 2785 563 2791 -
576 2763 599 2799 V.
609 2764 632 2799 10
639 2774 680 2810 sqq.
689 2763 749 2801 verba
760 2765 789 2801 ita
801 2778 845 2802 con-

53 2810 118 2847 stituit
125 2810 247 2848 Dresselius:
256 2810 287 2848 ὅτε
295 2810 353 2848 αὐτοῦ
361 2810 409 2857 καὶὴ
417 2814 483 2862 κράσις
490 2809 577 2860 εὔκρατός
583 2811 642 2855 ἐστιν,
651 2809 715 2858 ἵναμὴ
722 2810 782 2853 ὀξείας
793 2809 845 2861 [quq]
