1827 3065
187 146 218 179 aa
228 145 361 180 cnurruurrs
369 146 419 180 acu
434 147 497 185 curn
505 148 558 183 ran.
566 149 686 183 1111111111.
790 139 832 182 267
876 185 878 188 ⁴

44 245 138 291 mantici).
160 244 276 291 Saepissime
292 245 385 291 interpres
403 246 474 282 latinus
491 248 558 285 eadem
574 249 618 296 ipsa
634 248 693 284 verba
708 260 754 295 prae
770 249 833 285 oeulis

43 292 115 337 habuit,
125 302 174 337 quae
185 290 206 325 in
214 290 304 325 Homiliis
316 291 448 342 inrenirmtum
462 305 605 340 nonnumquam
613 294 634 330 in
646 295 750 341 exemplari
762 307 833 342 graece

44 340 115 385 scripto,
125 347 162 382 quo
171 336 267 380 utebatur,
273 335 346 382 aliqrud
351 340 385 371 aut
394 338 491 374 exciderat
498 344 531 375 aut
538 342 575 376 alio
582 341 667 387 positum
675 340 719 376 loco
726 340 833 377 aut.verbis

44 384 103 436 paullo
112 382 192 417 diversis
201 392 313 428 expressum
321 385 367 416 erat.
383 381 452 419 Fuisse
461 387 525 420 autern
537 387 605 421 saltem
613 390 689 433 partem
698 397 774 430 eorum,
784 397 833 432 [puae

44 432 129 479 legrmtur
135 428 156 462 in
163 427 266 474 Recoguit.
275 427 300 470 X,
305 427 333 473 21,
342 428 400 463 etiam
406 428 533 465 Homiliarum
540 431 560 467 in
566 431 678 478 archetypo,
688 432 754 468 elucet
763 442 786 467 ex
793 442 833 467 ver-

44 478 70 516 bis
78 474 134 510 Hom.
141 472 165 519 V,
171 472 193 508 14
199 471 269 519 positis
276 471 339 507 hisce:
348 476 379 508 ael
387 473 449 515 ἄλλαις
456 479 534 517 πολλαῖς
541 482 571 514 καὶ
579 479 622 524 δίχα
628 477 796 528 μετιιμοο111ώσεως
801 481 832 526 μί-

44 535 110 574 γνυται,
124 521 177 565 ζῆλον
189 521 227 555 raia
235 517 310 572 drdpoir
320 518 353 572 oda
365 519 447 565 ἐχόντων
456 520 480 560 ὡς
488 523 517 569 ἐφ’
529 522 619 571 ἁμαρτίᾳ,
632 524 670 560 aar
681 514 793 561 afferabas
802 522 832 559 ὅτι

0 607 1 611 ¹
44 565 129 616 ἀφθόνως
140 570 180 605 ταῖς
192 567 278 611 γυναιξὶν
291 564 353 600 αὐτων
362 568 458 601 κοινωνῶν
467 569 533 613 γεννᾷ,
544 569 668 618 χειριζόμενος
677 569 742 610 αὐτοῖς
752 568 832 617 ‘Eparia

0 614 1 621 ¹
41 611 157 654 Ἀπόλλωνας,
166 609 279 652 Διονύσους,
286 609 415 657 Ἑνδυμίωνας
422 614 452 646 καὶ
465 611 521 653 ὅσους
533 612 599 654 ἄλλους
610 614 718 661 etprimitias,
732 617 752 651 ἔκ
765 617 833 656 aliems

44 658 97 696 αὐτοῦ
108 655 170 691 adtira
181 654 360 702 ὃαιπρεπεστάτους-
385 655 458 691 Matres
466 657 562 703 Memmii,
570 649 676 705 1111111111,ι
683 650 812 707 Endymionis
820 671 833 695 a

44 705 87 741 Jove
95 700 174 736 vitiatae
180 702 225 736 dum
231 703 252 736 in
258 699 348 735 Homiliis
357 711 395 735 non
404 708 580 748 commemorantur,
588 671 637 742 haee
645 706 710 752 legere
719 706 778 741 estin
784 705 831 741 Rec.

44 749 61 786 O.
67 759 88 783 c:
96 745 234 791 „Phoenissam
238 744 367 792 Alphionis**]
374 744 543 796 [alippius-viana,
549 760 572 784 ex
577 761 614 796 qua
620 751 831 798 nasciturEndymion“

44 798 60 831 et
68 792 181 838 „Latonam
190 803 214 828 11
221 802 259 839 qua
267 792 352 826 nascitur
359 790 430 838 Apollo
439 796 459 828 et
467 792 543 829 Diana“
556 799 575 830 et
586 795 830 844 „Taygeteu,·Electran1‚

44 839 118 885 llaJ'am,
125 837 222 877 particen,
229 836 315 873 Atlantis
322 836 379 881 filias,
384 849 407 873 er
414 838 483 884 quibus
490 839 557 886 genuit
564 851 587 876 ex
591 840 680 889 Taygete
688 841 831 888 spridoanace-

44 886 157 926 daemonem,
165 893 188 918 11
193 882 272 919 Electra
277 881 395 930 Dardanum,
404 894 431 918 ex
438 884 503 930 11131
510 884 657 931 Mercurium,
667 898 690 923 es
696 887 774 923 Pl'ntide
781 886 831 922 Tan-

43 930 118 966 talum‘fi
132 928 204 964 Contra
213 940 243 974 ea,
257 939 306 975 quae
314 927 416 975 Recognit.
429 928 449 965 C.
458 930 480 964 21
489 933 509 965 et
517 931 539 965 22
548 932 679 976 continentur,
688 932 758 968 exalia
767 932 831 967 velex

43 975 82 1012 aliis
90 974 236 1010 recensionibus
244 974 314 1009 hausta
321 973 413 1010 videntur
421 978 479 1021 atque
489 987 517 1020 ea,
527 987 575 1022 quae
584 981 629 1013 sunt
638 977 658 1014 C.
666 979 689 1014 21)
698 981 717 1014 et
726 979 754 1013 23.
774 976 830 1013 Haec

44 1020 105 1066 capita
112 1019 200 1066 primitus
208 1019 269 1055 fuisse
280 1020 301 1055 in
311 1031 349 1055 uno
358 1020 463 1067 eodemque
475 1022 562 1068 exemplo
570 1034 648 1069 censeo,
657 1024 723 1069 inquo
746 1027 832 1058 ostrema

43 1065 109 1111 capitis
123 1065 218 1101 20111111
232 1065 378 1111 excipiebantur
389 1065 428 1112 his,
443 1077 492 1112 quae
507 1066 625 1103 1111110231
646 1067 727 1113 „Sedet
752 1079 831 1114 uropam

43 1111 104 1159 patrui
112 1110 142 1145 sui
149 1108 220 1146 Oceani
229 1123 307 1147 uxorem
316 1114 335 1146 et
344 1122 427 1147 sororem
436 1113 477 1157 ejus
485 1108 609 1158 Eurynomen
617 1113 720 1157 adulterat,
730 1117 750 1148 et
757 1116 832 1158 patrem

48 1156 99 1199 iuuit,
109 1160 128 1191 et
137 1156 208 1191 Pluteu
215 1155 301 1192 Atlantis
310 1155 346 1191 filii
354 1157 384 1192 sui
393 1156 489 1192 adulterat
497 1156 566 1202 filiam,
575 1169 598 1193 11
606 1169 644 1204 qua
651 1162 718 1194 natum
727 1158 764 1193 sibi
771 1157 832 1192 filiurn

42 1169 144 1238 innisum
156 1201 252 1238 damnare.
272 1202 316 1237 Hac
326 1203 439 1248 conjectura
450 1202 531 1248 probata
543 1214 582 1238 uon
591 1205 633 1249 jam
643 1203 713 1238 mirum
725 1203 770 1247 erit,
782 1205 833 1250 quod

43 1247 111 1283 Pluteu
130 1248 161 1283 vel
177 1247 242 1293 potius
259 1247 390 1291 Plrrtiden***)
410 1248 469 1283 etiam
487 1246 507 1282 C.
521 1248 543 1282 21
558 1252 725 1284 commemoratam
739 1249 833 1292 videmus,

2 1316 4 1318 ι
55 1304 94 1328 orrc
109 1292 161 1339 quod
175 1294 199 1329 de
212 1293 290 1340 Europa
307 1292 375 1328 eodem
389 1293 452 1339 capite
471 1303 532 1328 sermo
547 1297 577 1328 est
590 1292 621 1328 his
635 1294 708 1330 verbist
724 1293 833 1340 „Europam

42 1304 113 1374 Cocani
126 1340 227 1386 conjugem
232 1340 251 1384 †)
265 1339 331 1382 vitiat,
341 1349 365 1374 11
376 1350 414 1383 qua
429 1338 515 1374 nascitur
525 1337 666 1384 Dodonaeus“,
679 1339 761 1386 denique
775 1339 833 1385 quod,

43 1395 154 1430 quamquam
166 1385 207 1430 J'am
222 1383 243 1419 C.
255 1386 278 1419 211
285 1384 358 1420 mentio
373 1384 426 1420 faeta
441 1389 471 1419 est
483 1384 636 1431 ‚,Persephonae,
651 1396 700 1431 quae
712 1385 730 1421 ei
738 1385 798 1433 (dcvi)
810 1396 834 1421 11

43 1430 109 1466 Cerere
120 1429 184 1465 fuerat
196 1432 306 1477 suscepta,“
320 1433 386 1465 tamen
397 1428 417 1466 C.
430 1429 488 1465 22111
501 1429 569 1465 ecdem
580 1430 629 1466 Jove
644 1430 736 1477 scriptum
751 1430 832 1478 legitur:

42 1475 82 1521 „Ex
93 1474 135 1510 filia
145 1478 211 1511 autem
220 1487 254 1511 sua
266 1473 336 1511 Cerere
345 1474 413 1522 genuit
420 1474 567 1522 Persephonen,
580 1487 637 1522 quam
646 1480 665 1511 et
673 1476 735 1522 ipsam
744 1476 833 1522 corrupit,

42 1524 124 1557 inritatus
132 1521 153 1556 in
161 1520 281 1557 draconem.“
293 1520 359 1557 Verba
366 1520 386 1555 in
395 1520 451 1556 initio
460 1520 528 1567 eapitis
537 1521 559 1555 21
567 1521 640 1567 posita:
650 1522 717 1566 „Haec
724 1521 802 1567 quidem
810 1521 834 1557 de

42 1566 119 1602 incestis
135 1566 186 1611 eius3
201 1566 246 1602 audi
259 1579 311 1602 nuuc
326 1570 346 1602 et
361 1566 384 1601 de
399 1566 518 1610 adulteriis“,
534 1566 608 1612 siquid
621 1567 688 1611 video,
706 1567 800 1603 debentur
815 1566 833 1602 ei

42 1610 119 1657 homini,
143 1612 163 1647 ui
175 1611 260 1648 diversos
274 1623 398 1659 personarum
407 1622 498 1646 recensus
510 1612 627 1658 composuit,
639 1624 706 1659 parurn
718 1612 748 1648 illi
761 1611 833 1648 intelli-

42 1658 100 1704 geuti.
139 1660 147 1692 t
160 1657 211 1693 enim
218 1661 293 1693 taceam
305 1657 329 1692 de
337 1657 413 1703 Europa
421 1655 494 1692 Oceani
504 1668 562 1692 uxore
572 1669 585 1692 a
592 1657 642 1693 dove
653 1658 732 1700 vitiata,
744 1660 764 1693 at
777 1657 833 1693 Jovis

42 1714 84 1738 cum
96 1702 190 1739 Themide
205 1714 268 1739 sorore
283 1702 397 1738 concubitus
408 1702 489 1737 incestis
503 1701 657 1738 adnumerandus
672 1706 717 1738 erat.
741 1702 797 1738 Haec
809 1702 833 1738 de

42 1747 221 1795 Recognitionibus.
236 1748 345 1784 Redeamus
354 1748 392 1783 iam
400 1747 426 1784 ad
433 1747 534 1783 Homilias.
552 1747 582 1783 Ea
590 1759 638 1794 quac
648 1751 692 1784 srmt
701 1748 721 1783 in
728 1747 832 1796 Reoognit.

43 1792 61 1829 C.
70 1794 121 1830 20111
129 1793 238 1829 universum
245 1793 362 1847 respondent
373 1792 397 1828 iis
410 1804 458 1839 quae
471 1792 567 1829 habentur
578 1793 633 1829 Hom.
642 1793 676 1838 lV,
687 1793 713 1829 16.
726 1793 832 1829 Trausmit-

42 1839 99 1875 tenda
107 1851 153 1887 ergo
162 1842 221 1884 eraut,
229 1850 254 1875 ne
265 1839 295 1875 brs
304 1838 439 1885 proferrentur,
448 1842 482 1874 aut
492 1838 584 1874 mutanda
592 1839 626 1883 ita,
638 1842 660 1874 ut
671 1842 718 1885 apta
727 1841 792 1875 essent
800 1839 833 1874 vel

42 1895 83 1920 esse
97 1885 160 1920 videri
172 1889 253 1931 possent
265 1885 291 1920 ad
304 1886 375 1929 locum,
391 1895 427 1930 quo
443 1884 525 1931 scriptor
539 1884 680 1928 „clancularius
708 1895 728 1920 er
741 1884 833 1920 transfor-

41 1930 145 1966 mationem
159 1931 234 1966 coitus“
258 1930 313 1966 Jovis
328 1941 348 1966 se
360 1933 488 1965 tractaturum
512 1929 597 1966 rofessus
612 1933 658 1966 erat,
703 1942 726 1966 oc
737 1930 834 1977 posterius

42 1974 114 2012 factum
125 1975 212 2012 ridemus
221 1976 241 2011 in
249 1976 313 2012 verbis
324 1976 350 2012 ad
358 1975 371 2011 J
372 1986 426 2012 ovem
435 1987 478 2011 cum
488 1942 565 2012 fanone
577 1976 737 2012 concumbentem
746 1978 834 2023 spectan-

43 2115 120 2148 Strahon.
130 2117 175 2157 VtII,
188 2126 205 2156 p.
216 2117 249 2148 382
263 2120 281 2148 et
292 2117 365 2148 Pausan.
377 2118 399 2154 ΙΙ,
413 2118 440 2157 13,
453 2117 463 2147 3
478 2117 549 2147 eandem
563 2115 647 2155 Aeginam
663 2124 701 2146 esse
715 2117 833 2146 demonstrare

43 2162 111 2194 studuit.
133 2162 213 2193 Ceterum
222 2162 274 2193 etiam
285 2163 309 2201 is,
319 2163 346 2193 cui
354 2162 439 2193 debentur
447 2171 510 2201 graeca
519 2162 540 2192 de
549 2161 648 2200 Ganymede
656 2160 715 2199 rerba,
724 2161 785 2200 lapsus
796 2170 834 2192 esse

42 2207 110 2238 ridetur
117 2208 167 2239 Jovis
174 2208 257 2239 amasium
263 2208 353 2247 appellans
359 2208 437 2238 Dardani
443 2207 502 2245 filium,
507 2207 540 2237 uisi
548 2207 591 2236 forte
600 2206 704 2245 scripserat:
714 2204 833 2250 Δαρδανίδην.

75 2251 91 2295 *)
104 2253 169 2284 Contra
181 2253 267 2290 „Callisto
277 2253 370 2292 Lycaonis,
380 2262 400 2283 ex
409 2262 442 2292 qua
450 2252 527 2283 nascitur
535 2250 589 2281 Orcus
598 2250 650 2291 (sic)“
665 2256 807 2283 commemoratur
815 2253 833 2282 in

44 2295 83 2336 Cap,
90 2299 117 2337 21,
126 2299 157 2329 uhi
164 2302 194 2330 aut
201 2299 239 2337 ejus
247 2299 311 2328 mentio
319 2297 452 2328 transmittenda
460 2299 503 2335 erat,
511 2299 540 2327 aut
548 2296 602 2337 illius,
611 2306 655 2336 quae
661 2298 720 2336 paullo
727 2299 766 2328 ante
774 2307 833 2328 receu-

43 2346 88 2373 sctur
96 2345 123 2375 his
131 2345 199 2375 verbis:
208 2343 309 2382 „Themisto
316 2343 382 2380 Inachi,
392 2352 411 2372 ex
420 2351 454 2382 qua
462 2343 538 2372 nascitur
547 2340 618 2373 Arcas¹‘.
630 2341 663 2373 Est
672 2343 716 2373 enim
725 2343 771 2373 idem
779 2343 834 2373 Arcas

43 2386 176 2430 intelligendus,
189 2393 208 2420 ut
217 2389 268 2419 etiam
276 2388 403 2427 Themistonem
412 2387 449 2417 sive
460 2387 573 2426 Megistonem
584 2389 651 2426 pariter
660 2390 711 2427 atque
721 2387 834 2418 Callistonem

43 2431 60 2463 iu
72 2436 149 2475 stellam,
161 2445 203 2475 quae
213 2434 258 2465 Ursa
267 2432 395 2474 appellabatur,
408 2435 491 2462 mutatam
504 2441 541 2463 esse
553 2432 622 2463 fabulae
631 2433 718 2472 terebant,
731 2434 761 2463 ct'r.
769 2433 834 2472 Hygia.

42 2478 90 2512 Poet.
98 2483 163 2513 astron.
174 2482 219 2520 11,1,
228 2481 308 2520 Stephan.
319 2480 390 2518 Byzant.
399 2487 413 2508 s.
419 2488 436 2510 v.
444 2471 516 2522 Ἀρκάς,
528 2477 607 2509 Eustatlr.
619 2478 641 2508 ad
654 2478 724 2509 Homer.
732 2487 749 2517 p.
758 2478 798 2515 300,
806 2479 834 2510 30.

72 2523 98 2563 *ἦ
110 2527 160 2557 Hanc
177 2526 290 2566 Endymionis
306 2527 377 2555 matrem
397 2524 430 2554 nisi
447 2533 468 2554 ex
481 2523 514 2553 hoc
526 2524 563 2554 loco
582 2533 616 2554 uon
628 2524 745 2562 cognovimus.
773 2524 834 2563 Neque

43 2569 134 2609 Alphionis
147 2572 186 2603 ulla
201 2572 246 2611 apud
262 2574 329 2602 veteres
343 2570 436 2609 scriptores
448 2569 535 2608 reperitur
546 2569 620 2609 meuti03
635 2568 715 2600 dubitare
729 2569 780 2608 licet,
793 2578 835 2600 num

44 2620 274 2704 tssffllpilffltteppgpltffique
282 2662 324 2692 haee
336 2661 410 2691 nominis
418 2660 472 2691 forma
480 2659 526 2698 apud
535 2659 614 2689 Rufinum
623 2660 686 2700 solum,
702 2660 748 2699 quod
756 2669 788 2700 ego
798 2660 835 2701 qui·

44 2704 81 2737 dem
90 2710 150 2748 sciam,
157 2710 249 2749 reperitur.
261 2707 318 2746 Vulgo
326 2707 395 2737 Tantali
402 2708 457 2737 mater
464 2705 561 2745 appellatur
568 2701 651 2737 Πλουτώ.

84 2753 102 2792 t)
119 2755 206 2794 Europam
220 2754 276 2794 patrui
289 2752 340 2785 Jovis
351 2751 417 2783 Oceani
432 2761 500 2783 uxorem
511 2752 585 2790 scriptor
597 2751 742 2790 Recogniticnum
756 2752 836 2791 appellat

44 2797 96 2829 etiam
101 2800 123 2840 X,
130 2801 157 2832 23.
170 2800 243 2831 Constat
248 2802 311 2839 autern,
317 2798 375 2839 potius
381 2798 435 2829 filiam
441 2797 517 2828 habitam
525 2805 562 2827 esse
569 2796 639 2828 Oceani.
651 2797 663 2827 J
664 2806 714 2828 ovem
721 2800 738 2828 ct
745 2797 834 2837 Europam

43 2840 127 2884 Dodonis,
135 2856 168 2876 uon
174 2846 274 2885 Dodonaei,
284 2847 365 2885 parentes
374 2844 452 2884 agnoscit
460 2843 510 2875 etiam
519 2843 615 2882 Stephanus
623 2843 695 2882 Byzaut.
704 2852 718 2875 e.
727 2853 743 2876 v.
753 2839 834 2884 Δωδώνη,
