1827 3065
73 144 117 187 254
280 152 656 190 ι,ινιοειιπιιιιιιιιοιιιι,οιιιιι.

74 255 152 303 legibus
161 256 282 293 satisfactum
290 255 335 299 erit,
348 253 383 289 sed
395 252 504 289 sententiae
513 263 551 287 non
560 262 621 298 aeque
633 251 693 294 benc,
706 254 764 297 atque
773 262 805 296 ea,
818 265 864 300 quae

76 301 97 336 in
105 301 161 339 codd.
171 301 191 339 C.
203 306 223 338 et
235 300 256 336 0.
267 300 366 346 reperitur.
377 320 401 325 —-
413 298 455 335 Va
465 308 505 344 sqq.
515 297 582 333 verba:
597 296 628 333 ιλιίι
641 301 661 333 τί
667 296 738 341 κώνωψ
746 298 827 344 ἐγένετο,
837 309 864 340 καὶ

76 348 194 395 βραχύτατον
203 348 230 390 ὅν,
239 348 258 387 ἓξ
266 347 326 386 πόιλιις
334 346 383 392 ἔχον,
392 345 469 391 ἔχεικαὶ
476 344 544 388 πτερά,
553 342 708 389 probabilissime
718 343 747 377 sic
756 343 864 384 restitutum

77 393 101 428 iri
113 404 189 437 censeo,
199 396 301 439 postquam
314 393 428 426 varietatem
441 389 541 433 lectionis,
557 400 613 434 quam
623 388 704 435 praebet
715 387 814 434 utriusque
821 389 864 437 Epi.

76 443 137 474 tomes
153 437 198 484 Cap.
212 436 232 472 X
246 438 342 484 integram
355 435 464 472 accuratius
477 435 568 483 cognovi:
584 433 615 470 ιλιά
630 438 649 470 rt
658 433 729 482 κώνωψ
741 436 822 477 ἕιένετο,
837 444 865 475 καὶ

77 483 194 531 βραχύτατον
208 481 238 519 ὢν
250 485 313 525 ζῶον,
329 482 349 523 ἕξ
363 482 425 522 πόδας
439 482 503 528 ἔχων,
524 485 554 518 καὶ
570 479 631 525 πτερὰ
646 483 718 526 φέρει.
758 478 865 526 artieipium

78 529 101 565 ὂν
109 528 158 564 nihil
166 526 219 562 aliud
228 537 270 562 esse
279 538 336 573 quam
344 527 448 563 secundam
461 527 556 574 syllabam
568 525 658 561 vocabuli
671 527 726 567 ζῶον,
738 525 828 560 odoratus
837 533 865 564 est

77 574 136 609 etiam
147 571 265 608 Uhlhornius
276 572 297 607 in
311 573 361 608 libro
374 572 529 620 elegantissimo:
548 571 599 616 „Die
612 569 711 607 Homilien
721 569 762 604 und
772 568 865 618 Recogni-

76 619 142 653 tionen
159 617 193 653 des
208 616 297 653 Clemens
310 618 408 654 Romanus
421 617 472 653 nach
483 618 545 654 ihrem
559 616 597 653 Urs
610 628 660 663 rung
672 615 712 650 und
723 614 789 667 Inhalt
801 614 865 664 darga-

76 663 149 698 stellt.⁴‘
166 661 275 711 Gottingae
284 664 330 700 1854
339 664 397 707 edito,
425 692 429 697 .
437 663 478 708 158,
487 664 530 700 adn.
539 663 556 698 8.
565 684 588 689 -
615 661 637 698 ,λ
647 671 688 707 sqq.
696 660 745 696 hace
753 660 807 695 edita
814 672 865 709 repe-

75 709 158 743 riuntur:
176 708 186 745 ὁ
196 710 217 745 δὲ
225 708 273 757 μετὰ
282 708 316 755 τὴν
324 712 393 747 πεῦσιν
402 723 436 747 τον
444 710 590 766 ἐμποιλισλλέντα
601 708 696 754 ἀναλαβὼν
707 705 773 754 λόγον,
786 705 811 746 ὡς
819 708 866 756 πρὸς

76 753 112 797 τὴν
125 755 196 791 πεῦσιν
211 753 371 803 ἀποκρινάμενος,
387 754 421 791 τὸν
435 756 485 801 αυτῷ
500 755 531 790 ἀπ’
547 754 603 802 ἀρχάς
615 757 741 802 προκείμενον
752 750 865 799 ἀνελάμβανε

76 798 140 846 λόγον.
152 798 222 835 Mirum
230 802 269 844 est,
277 811 337 835 unum
346 811 369 836 cn
377 800 483 836 editoribus
493 821 517 826 —
530 798 671 846 Schweglerum
682 798 725 833 dico
731 819 755 825 -
763 796 865 835 offendisse

76 844 97 879 in
104 845 163 880 verbo
172 845 332 895 ἀποκρινάμενος,
345 846 396 892 quod
408 846 529 881 sanissimum
541 848 579 890 σοις
592 844 666 879 nullum
674 854 718 879 vero
728 843 748 878 ιιι
756 842 865 879 abundante

77 890 173 934 oratioue,
187 901 224 936 qua
231 890 264 926 hic
272 890 327 927 locus
336 891 417 927 laborat.
441 889 552 937 Opportune
564 890 605 926 cod.
614 887 635 924 Ο.
642 888 693 935 Epit.
703 887 737 923 Dr.
745 899 779 934 pro
787 888 865 937 ἀνελάμ-

76 942 121 982 βανε
126 936 216 982 praebet:
226 940 354 983 συνεπέραινε.
370 937 466 972 Videntur
471 936 530 972 rerba
539 947 562 971 ex
570 935 621 972 binis
630 933 775 970 recensionibns
784 933 804 968 in
810 945 866 970 unum

77 992 119 1016 esse
132 984 237 1028 compacta.
260 981 284 1017 In
295 993 334 1017 una
344 982 457 1018 recensione
469 984 519 1017 erat:
533 981 542 1019 ὁ
555 983 576 1018 db
587 980 636 1029 μετὰ
643 980 678 1025 τὴν
685 982 755 1017 πεῦσιν
763 979 797 1016 τὸν
806 981 866 1027 ἐμπο-

78 1029 170 1063 orco-acc
178 1026 274 1073 ἀντιλαβὼν
282 1027 349 1075 λόγον,
357 1029 382 1069 ὠς
390 1027 439 1075 πρὸς
447 1027 481 1073 τὴν
489 1029 559 1065 πεῦσιν
567 1027 725 1076 ἀποκρινάμενος,
739 1028 864 1071 συνεπέρυινε,

77 1072 98 1107 in
109 1072 179 1107 altera:
196 1073 246 1113 ddi,
264 1073 289 1113 ὠς
300 1074 392 1120 πρὸςιὶγν
404 1076 472 1110 πεῦσιν
484 1073 642 1122 ἀποκρινάμενος,
659 1071 693 1108 τὸν
704 1070 799 1117 reiraida?
811 1071 866 1119 ἀρχῆς

78 1122 146 1163 προκεί
161 1131 204 1155 ενον
213 1118 327 1168 ἀνελάμβανε
335 1118 398 1166 λόγον.
415 1118 469 1154 Fieri
478 1118 536 1154 ctiam
543 1121 618 1175 potest,
627 1120 649 1152 ut
657 1117 678 1152 in
685 1117 804 1161 recensione,
812 1127 866 1163 quam

91 1132 190 1199 rioreiooo
197 1164 262 1210 posui,
270 1176 310 1200 non
318 1163 391 1200 fuerint
400 1164 467 1200 verba:
482 1164 506 1204 ὡς
512 1179 561 1214 προς
568 1164 601 1210 τὴν
608 1166 676 1200 πεῦσιν
684 1161 837 1211 ἀποκρινάμενος.
845 1184 866 1189 -

99 1210 134 1244 .12
147 1220 174 1255 sq.
185 1209 207 1244 in
217 1209 290 1245 verbis:
309 1211 404 1259 μάρτυρας
418 1214 527 1260 παρέχομεν
542 1210 587 1260 ὑμῖν
599 1211 636 1246 τῶν
648 1211 667 1250 ἐξ
678 1208 731 1257 ὑμῶν
743 1207 868 1254 παρεστώτων

80 1254 171 1297 πολλοῦς,
184 1253 317 1302 Schweglerus
328 1267 362 1302 pro
374 1258 412 1293 τάν
423 1257 443 1296 ἐξ
454 1256 507 1303 ὑμῶν
519 1255 649 1302 reponendum
661 1264 704 1289 esse
716 1253 839 1300 opinabatur:
851 1256 868 1294 ἐξ

79 1300 134 1347 ὑμῶν
142 1304 186 1336 τῶν.
210 1301 254 1336 Mea
263 1301 340 1347 quidem
348 1301 446 1337 sententia
456 1303 515 1338 verba
526 1303 546 1341 ἒξ
553 1301 607 1351 ὑμῶν
615 1301 708 1336 adnotata
716 1302 771 1334 erant
779 1300 804 1335 ad
810 1299 868 1334 verba

80 1347 118 1383 τῶν
127 1346 253 1393 παρεστώτοιν
261 1358 273 1382 a
280 1346 352 1382 lectore
364 1347 437 1392 aliquo,
450 1346 592 1394 significatum,
604 1357 643 1381 uon
655 1356 698 1381 esse
709 1345 834 1391 cogitandum
846 1344 867 1379 dc

80 1390 113 1435 iis,
123 1391 156 1437 qui
163 1391 282 1427 orationibus
291 1395 311 1427 et
319 1392 416 1428 miraculis
426 1392 497 1428 Christi
506 1391 649 1435 interfuissent,
659 1391 694 1426 sed
702 1390 726 1426 de
734 1391 768 1435 iis,
777 1390 810 1437 qui
818 1389 868 1425 inter

79 1436 177 1472 auditores
186 1436 288 1472 Barnabae
297 1440 367 1472 essent.

125 1481 147 1518 P.
155 1481 184 1527 34,
193 1482 204 1517 3
212 1482 233 1517 in
241 1482 296 1517 codd.
307 1482 359 1529 Epit.
370 1482 405 1518 Dr.
415 1482 435 1518 C.
444 1484 463 1518 X
474 1484 567 1530 scriptum
578 1482 681 1528 reperitur:
698 1485 759 1519 εἰπεῖν
772 1482 806 1518 οῦκ
818 1482 868 1517 ἔστιν

80 1526 176 1575 εὔκαιρον,
184 1530 207 1562 ut
214 1527 286 1572 inlcod.
295 1527 324 1572 0,,
332 1529 418 1575 aptiore,
430 1532 453 1563 nt
462 1528 548 1573 videtur,
563 1528 664 1564 verborum
674 1527 749 1572 ordine,
764 1530 784 1562 et
795 1527 816 1561 in
828 1526 868 1561 cod.

80 1572 103 1609 V.
111 1572 163 1619 Epit.
171 1571 215 1608 Dr:
226 1572 260 1610 τὸν
271 1577 317 1615 τῶν,
333 1584 381 1619 quae
392 1574 445 1610 varia
457 1577 487 1609 est
497 1574 556 1610 lectio
567 1574 587 1608 in
597 1573 649 1620 Epir.
660 1573 717 1619 prior.
727 1573 747 1609 O.
755 1572 793 1617 XI,
806 1581 867 1618 neque

80 1629 104 1654 ea
114 1617 290 1654 verisimilitudinis
302 1619 366 1666 specie
379 1619 478 1656 destituta.
489 1642 512 1647 -
532 1620 554 1656 V,
566 1620 577 1654 9
589 1630 623 1666 pro
635 1620 660 1660 ὠς
671 1621 690 1655 ἔκ
699 1622 739 1664 τῶν
749 1618 791 1654 cod.
803 1617 868 1653 orient.

80 1662 214 1708 Tischendorf.
228 1667 247 1700 et
260 1664 314 1700 codd.
333 1663 384 1711 Epit.
398 1665 431 1700 Dr.
449 1664 469 1700 C.
483 1666 513 1700 XI
528 1665 638 1712 porrigunt:
659 1666 678 1705 ἐξ
693 1665 724 1701 ὡν.
754 1663 809 1699 Hace
826 1663 869 1698 sori-

79 1712 143 1756 ptura,
159 1711 214 1756 eujus
229 1709 287 1745 etiam
298 1709 319 1745 in
330 1710 371 1746 cod.
384 1709 405 1747 Ο.
420 1711 525 1758 vestigium
535 1710 615 1757 aliquod
627 1709 730 1756 reperitur,
744 1708 870 1756 praeferenda

80 1755 161 1791 ridetur.
173 1776 197 1781 —
210 1755 233 1791 V.
244 1756 266 1791 10
277 1755 320 1791 loco
331 1755 422 1792 vocabuli
432 1756 537 1803 βουλήσεως
550 1758 571 1791 in
582 1756 624 1791 cod.
635 1753 657 1790 0.
668 1754 720 1802 Epis.
731 1755 765 1791 Dr.
778 1754 869 1801 scripturn

79 1800 174 1847 reperitur
185 1800 282 1846 νεότητος,
297 1812 345 1847 quae
358 1803 452 1848 scriptura
462 1802 592 1848 maximopere
602 1801 678 1848 placet,
695 1800 728 1836 cfr.
739 1813 757 1848 p.
769 1801 797 1845 36,
810 1800 837 1836 10.
847 1819 870 1824 -

81 1846 104 1882 V.
118 1847 140 1880 lo
154 1848 199 1892 post
214 1849 329 1894 βουλομένης
347 1851 450 1892 commate,
472 1847 523 1894 quod
539 1851 620 1891 vocant,
640 1845 764 1882 incidendum
779 1849 824 1881 erat.
847 1844 870 1887 ln

81 1890 206 1937 sequentibus
218 1891 283 1926 verbis
293 1903 327 1938 pro
338 1893 387 1934 ποὸς
399 1895 425 1938 τῷ
437 1893 478 1929 cod.
490 1893 558 1929 orient.
570 1891 703 1928 Tischendorf.
716 1895 736 1928 et
752 1891 806 1928 codd.
817 1890 869 1937 Epit.

84 1936 119 1971 Dr.
130 1936 233 1982 praebent:
250 1936 298 1987 πρὸς
310 1937 337 1973 τό.
354 1927 432 1979 Nescio
446 1951 469 1974 ιιιι
481 1938 602 1974 scribendum
614 1937 648 1973 sit:
665 1936 746 1986 πάρεστε
757 1937 811 1985 ὑμεῖς
823 1935 870 1984 πρὸς

82 1981 115 2024 τό,
129 1984 159 2028 τῷ
171 1982 196 2027 μὴ
209 1987 261 2019 νοεῖν
273 1982 294 2017 τὸ
307 1982 352 2031 ὑμῖν
363 1988 471 2031 συμφέρον,
487 1986 519 2021 ἐπὶ
531 1985 553 2030 τῆ
565 1984 644 2031 ὑμετέρᾳ
655 1982 712 2030 βλάβη
723 1985 780 2030 γελᾶν
791 1984 837 2018 cett.
848 2001 870 2007 —-

81 2027 104 2063 V.
114 2027 136 2062 16
145 2016 248 2063 delendum
257 2030 287 2062 est
295 2038 369 2063 comma
376 2032 421 2075 post
428 2028 525 2075 βούλεσθε.
544 2023 548 2033 ¹
614 2067 617 2075 ,
704 2022 708 2033 ’

127 2072 147 2110 Ρ,
156 2073 184 2117 35,
194 2072 321 2119 iinutraque
329 2072 381 2120 Epir,
390 2074 481 2120 scriptum
488 2074 591 2120 reperitur:
600 2076 644 2118 εἰκῆ,
654 2077 682 2109 et:
692 2074 726 2110 οὐκ
732 2075 812 2119 ἀληθεῖς,
822 2081 870 2119 quae

82 2117 177 2164 scriptura
184 2130 223 2154 non
231 2118 294 2153 minus
295 2118 368 2198 (placet
378 2130 435 2165 quam
443 2120 529 2166 vulgata.
542 2118 581 2154 ofr.
589 2132 607 2166 p.
614 2119 642 2164 49,
650 2119 697 2153 ti.—
704 2119 728 2155 V.
736 2119 747 2154 2
756 2130 783 2165 sq,
791 2118 871 2154 Dresse—

81 2164 120 2198 lius
129 2164 234 2199 seeundum
243 2163 285 2200 cod.
312 2192 316 2198 ι
325 2163 409 2200 scribere
418 2164 511 2200 debebat:
520 2164 624 2211 πολλὰγὰρ
633 2164 675 2210 παρ’
686 2164 722 2204 [sic
730 2164 771 2200 cod.
780 2162 808 2206 Ο.)
818 2163 828 2200 ὑ
846 2165 871 2199 aa

83 2209 161 2258 ῥήματα.
184 2209 233 2245 Prae
248 2209 305 2245 ositio
318 2210 361 2245 παρ’
373 2210 469 2245 invenitur
480 2209 539 2245 etiam
550 2210 571 2244 in
582 2210 636 2245 codd.
647 2209 698 2256 Epir.
707 2209 741 2245 Dr.
755 2231 779 2235 —
791 2209 828 2247 V.¹
843 2219 870 2254 sq.

82 2254 125 2291 cod.
134 2253 156 2289 Ο.
164 2254 216 2301 Epit.
243 2267 257 2291 r.
263 2267 297 2301 pro
306 2244 359 2305 ὑμῶν
365 2255 430 2291 offert:
439 2256 491 2304 ὑμῖν,
500 2255 616 2302 quaeleetio
624 2255 708 2300 aliquam
715 2254 776 2291 habet
783 2254 870 2290 raritatis

83 2310 174 2346 speciem.
185 2321 209 2326 —
221 2299 245 2336 V.
253 2301 263 2335 λ
272 2300 293 2336 in
304 2301 359 2336 codd.
367 2300 419 2348 Epit.
430 2300 464 2336 Dr.
473 2311 534 2347 aeque
546 2303 604 2347 atquc
615 2300 636 2336 in
647 2301 698 2347 Epit.
710 2301 766 2347 prior.
779 2300 871 2346 scriptum

82 2345 185 2391 reperitur:
201 2344 275 2393 κόσμου
286 2350 406 2393 προαιρέσεις
417 2345 478 2390 sidric,
494 2346 565 2394 ἑκάστῳ
581 2350 626 2383 cett.
650 2346 770 2383 Varietatem
781 2344 871 2382 lectionis

82 2390 116 2435 qui
124 2393 214 2426 aceurate
222 2392 353 2437 perpenderit,
366 2391 468 2437 concedet,
481 2392 556 2438 opinor,
567 2404 606 2428 non
614 2392 730 2439 patrocinari
739 2390 853 2428 correctioni
860 2400 872 2424 a

82 2435 164 2472 Darisio
171 2439 287 2482 propositae.

128 2481 150 2517 P.
158 2482 187 2527 36,
196 2481 207 2516 9
216 2481 257 2517 cod.
266 2482 333 2519 orient.
343 2482 478 2519 Tischendorf.
491 2486 511 2518 ct
522 2483 577 2518 codd.
589 2483 641 2530 Epit.
652 2483 687 2519 Dr.
698 2483 802 2533 genuinam
813 2481 871 2529 porri·

83 2531 133 2575 gunt
141 2527 263 2574 scripturam:
273 2528 430 2575 ἀπασχολοῦντες.

128 2572 150 2616 Ρ,
158 2573 186 2617 37,
197 2574 208 2608 l
220 2572 261 2608 cod.
273 2571 294 2610 Ο,
305 2573 359 2620 Epit.
370 2573 404 2609 Dr.
415 2574 496 2620 praebet
506 2577 553 2620 βίον.
577 2573 628 2610 Num
639 2573 729 2610 librarius
740 2573 811 2610 voluit:
824 2571 872 2621 πρὸς

83 2617 138 2664 arur?
145 2640 169 2645 —
182 2617 206 2655 V.
214 2619 225 2653 2
234 2629 275 2665 sqq.
283 2623 317 2655 aut
324 2623 392 2667 βραχέα
404 2623 438 2655 aut
450 2620 515 2667 ὀλίγον
527 2619 630 2654 delendum
638 2622 684 2654 erat.
701 2619 749 2655 Sunt
756 2618 805 2654 haec
814 2618 872 2654 rerba

84 2673 108 2697 ex
115 2662 166 2699 binis
174 2664 255 2699 diversis
263 2664 408 2701 recensionibus
417 2665 534 2712 deprompta.
558 2665 633 2701 Neuter
641 2665 682 2700 cod.
690 2665 707 2699 E
721 2665 742 2699 it.
749 2664 783 2699 Dr.
792 2663 873 2711 porrigit

85 2708 154 2754 ὀλίγον.
162 2731 185 2736 -
200 2709 254 2752 Quae
262 2710 283 2745 in
293 2711 345 2757 Epit.
358 2711 412 2746 alter,
424 2709 444 2746 O.
452 2710 492 2745 XII
504 2721 570 2746 versus
581 2709 639 2746 finem
651 2715 671 2745 ct
684 2678 768 2745 QPXJH.
780 2711 805 2746 ab
816 2709 872 2744 initio

85 2756 130 2788 sunt
140 2754 214 2791 diversa
222 2755 247 2791 ab
255 2755 304 2800 illis,
314 2766 362 2808 quae
371 2756 392 2791 in
400 2755 456 2791 Hom.
464 2769 482 2802 p.
492 2766 508 2792 c.
517 2768 534 2791 v.
542 2756 554 2791 4
564 2767 588 2791 ex
596 2754 650 2791 codd.
659 2753 680 2790 C.
687 2758 707 2790 et
714 2753 734 2790 Ο.
744 2754 806 2790 edidit
814 2755 872 2790 Dres-

85 2797 155 2843 selius,
167 2809 190 2834 ex
198 2800 222 2835 iis
231 2800 280 2836 nihil
287 2801 349 2848 recipi
356 2812 414 2848 posse
422 2801 505 2845 videtur,
514 2801 553 2836 nisi
560 2800 626 2837 forsan
634 2800 730 2846 particula
736 2803 773 2849 μὲν
780 2800 801 2837 in
808 2799 873 2836 verbis

85 2845 134 2890 ἐμοῦ
143 2846 180 2891 μὲν
188 2844 222 2893 γὰρ
232 2850 251 2881 et
259 2847 355 2892 particula
366 2846 391 2886 ῦς
398 2850 443 2881 ante
452 2847 511 2881 verba
519 2850 549 2882 καὶ
556 2867 579 2872 -
588 2849 656 2883 θέλων.
681 2845 753 2882 Contra
760 2847 820 2883 verba
827 2845 872 2892 Epi-
