1827 3065
325 103 430 136 arraona
438 103 535 137 manaa.
784 89 826 132 217

42 203 138 248 Ecclesiae
149 200 325 247 congregationem.
345 200 367 237 si
375 203 426 238 enim
433 202 504 249 pudica
512 202 592 237 inventa
601 199 660 235 fuerit
668 210 680 234 a
689 210 759 245 sponso
767 198 828 246 Rege,

43 252 139 293 niaximum
152 247 243 282 honorem
255 251 392 293 consequetur,
404 259 476 294 vosque
488 247 557 296 grandi
568 245 646 283 laetitia
656 245 710 280 velut
718 244 796 280 inuitati
805 244 830 280 ad

43 297 115 345 nuptias
126 291 221 328 fruemini.
245 291 266 328 Si
277 303 321 328 uero
334 293 354 328 in
365 296 446 338 peccato
455 293 575 340 deprehensa
582 292 648 337 fuerit,
657 291 701 337 ipsa
709 291 786 337 quidem
795 290 829 325 eii-

44 347 106 385 cietur,
115 350 149 374 vos
158 341 222 373 autem
232 349 305 384 poenas
317 338 398 383 dabitis,
411 339 428 373 si
436 338 486 375 forte
494 351 528 386 per
539 342 623 375 vestram
631 337 774 385 negligentiam
784 347 829 382 peo-

44 394 102 428 catunr
110 384 232 420 commissum
239 383 303 419 fuerit.
451 424 453 428 .

86 429 144 467 CLII.
168 429 263 470 Quocirca
277 432 322 464 ante
337 428 401 464 omnia
415 429 438 465 de
452 430 547 476 pudicitia
561 429 642 466 solliciti
660 431 728 465 estote.
753 427 829 473 Quippe

44 479 90 529 apud
97 476 160 511 Deum
172 474 275 510 admodum
286 486 344 521 graue
356 474 403 520 quid
412 479 500 510 censetur
508 475 616 512 fornicatio.
642 475 744 511 Caeterum
753 473 829 519 specics

7 557 9 560 .
43 520 171 564 fornicationis
185 520 258 555 multae
270 524 324 563 sunt,
336 524 358 554 ut
369 523 389 555 et
397 520 439 566 ipse
449 519 537 556 Clemens
545 522 600 557 vobis
610 521 712 557 enarrabit.
736 519 830 554 Attamen

43 571 119 620 primum
127 565 242 600 adulterium
251 569 290 609 est,
303 566 364 601 virum
374 578 413 601 non
421 566 462 601 sola
471 578 505 601 sua
513 566 542 601 uti
550 578 617 611 uxore,
627 570 646 602 et
654 577 732 611 uxerem
740 577 780 601 non
788 564 830 599 solo
867 571 868 574 ’

45 628 74 653 suc
81 612 110 648 uti
118 611 164 646 viro.
185 610 206 645 si
214 611 256 657 quis
266 614 330 646 castus
340 610 442 655 exstiterit,
450 610 543 647 humanus
553 613 611 647 etiam
619 611 661 647 fieri
670 616 741 659 potest,
750 612 830 657 propter

45 659 90 708 quod
98 660 195 693 aeternam
204 660 332 702 consequetur
339 656 494 693 misericordiam.
511 656 673 699 Quemadmodum
681 660 745 693 arrtem
754 655 829 691 adulte-

44 710 87 743 rium
94 714 185 748 magnum
195 702 267 737 malum
279 705 317 746 est,
330 701 357 737 ita
368 701 477 737 humanitas
489 702 590 738 maximum
598 703 674 740 bonum.
698 703 773 738 Idcirco
786 700 829 735 dili-

44 753 80 800 gite
95 759 160 783 omnes
176 747 246 782 ii'atres
263 751 337 782 vestros
352 748 424 782 sanctis
444 750 463 782 et
480 748 721 791 misericordibusooulis,
739 746 829 792 orphanis

9 797 11 799 ’
45 795 116 844 quidem
126 796 236 838 parentum,
250 792 313 827 viduis
327 796 392 827 autem
405 792 487 828 virorum
502 804 565 828 curam
576 793 699 837 exhibentes,
713 793 829 838 praebentes

45 838 150 878 alimoniam
165 849 207 873 cunr
222 837 273 873 omni
287 837 413 882 liberalitate,
430 841 494 874 aetate
513 838 624 884 vigentibus
641 839 752 885 coniugium
767 837 830 884 provi-

11 913 14 917 ,
46 888 117 927 dentes,
135 886 192 928 atque
209 882 260 918 inter
278 882 321 918 illos
335 883 359 917 iis
372 885 405 928 qui
419 887 478 919 artem
492 886 589 928 nesciunt,
607 887 709 920 commenti
722 894 756 929 per
777 882 830 917 vitae

12 942 14 945 ’
44 931 129 968 instituta
146 929 257 964 occasiones
275 928 300 964 ad
316 928 394 964 vivendi
414 930 559 973 necessitatem,
577 929 648 966 artifici
664 941 751 976 operam,
770 926 830 963 debili

7 990 15 1018 ζ
46 974 196 1013 misericordiam.
323 1008 324 1011 ,

13 1030 14 1033 ’
87 1019 155 1056 CLIII.
174 1019 218 1055 Scio
226 1023 290 1055 autem
296 1032 330 1056 vos
336 1019 384 1055 haec
390 1020 481 1065 facturos,
490 1021 546 1056 modo
555 1020 655 1056 caritatem
663 1024 728 1056 vestra
737 1021 758 1056 in
765 1022 830 1055 mente

12 1097 14 1100 ,
46 1065 154 1103 statueritis.
178 1064 210 1100 Ad
226 1077 283 1112 quam
301 1065 459 1102 introducendam
473 1078 523 1101 unus
539 1070 570 1101 est
585 1066 652 1101 modus
668 1066 830 1108 accommodatus,

9 1118 13 1154 ἒ
45 1123 117 1148 mensae
126 1115 146 1146 et
155 1111 201 1146 salis
210 1110 230 1145 in
239 1123 337 1146 commune
345 1112 450 1158 perceptio.
474 1111 536 1153 Quare
549 1111 626 1146 studete
638 1111 689 1146 inter
700 1122 734 1145 vos
743 1111 831 1156 frequen-

9 1162 15 1196 ζ
44 1160 79 1194 tius
91 1157 179 1192 convivia
191 1156 275 1202 agitare,
290 1161 381 1201 quantum
392 1156 485 1203 potestis,
500 1168 524 1191 ne
539 1156 642 1192 caritatem*
654 1156 758 1191 amittatis:
774 1166 832 1191 causa

6 1205 13 1230 l
45 1204 92 1239 enim
100 1205 130 1237 est
137 1201 286 1245 beneficentiae,
294 1201 424 1238 beneficentia
432 1213 477 1237 vero
490 1202 565 1238 salutis.
589 1201 659 1236 Cuncti
670 1213 716 1248 ergo
728 1201 803 1236 cunctis
812 1202 833 1236 iu

11 1246 14 1276 ἶ
44 1249 83 1285 Deo
92 1247 183 1283 fratribus
196 1259 314 1283 communem
322 1252 407 1283 vestrum
414 1247 506 1294 praebete
515 1247 597 1292 victum,
608 1247 692 1283 scientes
701 1247 752 1293 quod
759 1250 833 1292 tempo·

9 1305 13 1335 f
44 1295 90 1331 ralia
104 1293 166 1328 dando
178 1296 257 1329 aeterna
271 1293 421 1340 consequemini.
444 1292 507 1328 Multo
521 1293 583 1340 magis
596 1294 669 1328 nutrite
683 1293 799 1336 esurientes,
813 1295 833 1328 et

10 1340 13 1351 f
55 1339 152 1375 'tientibus
165 1342 231 1385 potum
243 1339 297 1383 date,
311 1339 368 1374 nudis
377 1338 519 1382 indumentum,
532 1343 621 1386 aegrotos
633 1339 722 1382 visitate,
734 1339 758 1373 iis
771 1338 833 1383 quiin

56 1395 118 1420 arcere
127 1388 171 1419 sunt
179 1384 329 1420 intervenientes
338 1395 372 1430 pro
380 1384 452 1419 vir-ibus
462 1384 576 1427 succurrite,
585 1385 697 1431 peregrinos
706 1384 757 1419 omni
766 1383 833 1419 alacri-

53 1434 81 1466 ate
95 1430 116 1464 in
130 1429 217 1465 domibus
231 1429 301 1465 vestris
315 1429 413 1475 suscipite.
438 1429 509 1465 Verum
523 1441 547 1464 ne
562 1430 675 1477 singulatim
690 1429 763 1473 alicam,
778 1440 833 1464 omne

57 1487 111 1511 onum
119 1478 141 1510 ut
149 1474 227 1510 faciatis
237 1474 315 1510 docebit
326 1487 360 1510 ros
370 1475 440 1510 caritas
452 1486 498 1522 erga
505 1474 602 1519 homines,
615 1475 774 1521 quemadmodum
782 1474 834 1520 apud

46 1531 81 1565 eos,
91 1520 123 1565 qui
133 1520 182 1556 salvi
191 1531 233 1556 esse
241 1521 317 1565 nolunt,
326 1520 391 1556 odium
400 1532 446 1567 erga
453 1519 540 1555 homines
549 1521 598 1556 male
608 1531 665 1567 agere
675 1521 767 1566 suggerit.

5 1564 14 1607 ’ζ
88 1565 154 1602 CLIV.
178 1565 265 1610 Fratres,
278 1565 310 1611 qui
321 1566 366 1601 lites
378 1565 459 1609 habent,
472 1566 523 1612 aprrd
536 1570 644 1611 potestates
656 1568 717 1601 seculi
729 1578 767 1601 non
784 1564 833 1599 iudi-

7 1621 12 1655 ζ]
45 1615 114 1654 centur,
125 1612 159 1647 sed
167 1612 191 1646 ab
199 1611 301 1647 Ecclesiae
309 1612 427 1657 presbyteris
437 1612 564 1646 concilientur
572 1623 684 1658 quocunque
691 1612 754 1655 modo,
763 1610 832 1656 quibus

9 1678 13 1702 5
44 1660 128 1702 prompte
140 1657 236 1692 obediant.
260 1655 292 1690 Ad
303 1656 351 1692 haec
362 1656 462 1691 avaritiam
470 1656 498 1691 ita
506 1656 578 1702 fugite,
587 1660 609 1691 ut
618 1668 666 1702 quae
675 1658 776 1692 occasione
784 1659 832 1690 tem-

4 1708 11 1745 ]
44 1702 112 1745 poralis
125 1701 174 1737 lucri
188 1703 251 1747 possit
266 1702 350 1736 aeternis
363 1701 419 1736 bonis
433 1701 513 1746 privare.
537 1700 633 1745 stateras,
645 1712 753 1744 mensuras,
765 1700 832 1744 libras,

5 1751 11 1782 ‘J
44 1747 127 1790 pondera
138 1747 190 1782 iusta
202 1746 268 1781 sedulo
282 1746 386 1789 custodite,
399 1746 419 1780 in
431 1746 525 1791 depositis
537 1746 587 1782 bene
595 1758 629 1781 ros
641 1747 703 1792 gerite
713 1758 735 1782 ao
743 1745 832 1781 fideliter.

44 1790 106 1838 Atque
117 1792 166 1827 lraec
177 1794 196 1826 et
208 1791 238 1826 his
251 1791 322 1827 similia
329 1801 390 1836 usque
399 1791 424 1826 ad
431 1790 488 1825 finem
497 1791 560 1826 facere
570 1792 701 1836 sustinebitis,
711 1792 728 1826 si
737 1792 760 1827 dc
769 1791 833 1826 futtuo

7 1849 9 1851 ’
44 1848 76 1882 per
91 1838 155 1871 Deum
170 1836 242 1872 iudicio
260 1837 370 1872 memoriam
385 1839 498 1882 perpetuam
515 1836 571 1872 corde
586 1837 694 1873 retineatis.
719 1836 766 1879 Quis
783 1835 834 1871 enirn

6 1880 10 1896 '⁷
45 1885 111 1927 peccet
120 1885 172 1917 certo
180 1892 293 1927 persuasus,
302 1882 353 1927 quod
362 1880 423 1916 aDeo
432 1881 490 1925 iusto,
499 1881 532 1927 qui
540 1893 590 1917 muro
600 1882 651 1917 solus
660 1882 736 1929 patiens
745 1885 765 1917 et
772 1881 834 1917 bonus

46 1931 78 1971 est,
87 1927 107 1962 in
116 1927 279 1962 consummatione
291 1927 350 1962 seculi
364 1926 457 1961 iudicium
465 1926 506 1962 fore
518 1925 619 1962 definitum
628 1931 664 1972 est,
672 1931 694 1962 ut
702 1927 749 1963 boni
756 1927 834 1973 'quidem

6 1977 11 1991 ²
46 1971 134 2017 deinceps
152 1971 285 2007 ineffabilibus
305 1972 361 2007 bonis
381 1974 473 2018 perpetuo
493 1972 591 2016 fruantur,
609 1972 642 2018 qui
659 1984 704 2008 vero
721 1975 833 2018 peccatores

6 2024 11 2046 ἰ
46 2015 215 2088 ἰηνθηῑίᾳέθθιὴῃῖ,
231 2021 323 2063 tanquam
339 2017 386 2052 mali
401 2017 526 2053 inenarrabili
547 2018 641 2064 supplicio
660 2017 771 2054 afficiantur
786 2027 834 2051 sern-

13 2086 14 2089 =
58 2062 129 2098 iterno.

7 2107 10 2151 j
45 2073 57 2107 p
91 2107 147 2143 CLV.
172 2109 197 2143 Et
206 2107 244 2143 ista
253 2107 329 2154 quidem
338 2108 366 2143 ita
375 2118 395 2143 se
403 2107 480 2143 habent.
505 2106 835 2152 QuocircaoClemens,itaprae-

7 2175 11 2192 ς
47 2152 94 2197 side,
108 2157 130 2188 ut
140 2153 244 2199 unicuique
255 2164 289 2200 pro
303 2153 376 2188 viribus
389 2153 415 2188 sis
429 2153 513 2197 adiutor,
528 2153 561 2198 qui
574 2153 658 2189 omnium
670 2152 835 2188 sollicitudinibus

5 2198 10 2223 ’ἴ
47 2202 123 2234 onustus
137 2211 162 2235 es.
186 2198 243 2235 Unde
255 2198 306 2245 quod
317 2198 366 2234 hanc
379 2198 542 2245 dispensationem
554 2198 645 2244 suscipis,
659 2198 699 2234 scio
710 2210 741 2234 me
753 2198 836 2245 gratiam

47 2245 141 2290 accipere,
153 2257 192 2281 non
201 2245 254 2281 dare:
268 2244 303 2279 sed
316 2243 391 2280 confide
403 2248 423 2280 et
431 2244 499 2280 fortem
507 2248 527 2279 te
535 2249 622 2289 praesta,
630 2246 723 2291 tanquam
731 2246 776 2290 quia
785 2243 835 2279 scias

2 2291 7 2338 J
47 2291 95 2334 quod
102 2290 139 2326 tibi
147 2291 202 2326 Deus
210 2289 332 2336 inrequietis
340 2292 416 2335 portum
424 2289 531 2336 appellanti
536 2289 630 2325 retribuet
637 2301 731 2325 summum
736 2291 835 2334 bonorum,

45 2393 176 2401 ᾖ...-

47 2458 63 2501 ss)
73 2463 106 2497 τοῦ
114 2466 199 2511 νυμᾳίου
212 2464 231 2496 O.
242 2482 265 2487 -
279 2459 297 2507 7)
310 2459 424 2506 ἅπελαύσητε
489 2462 529 2505 Gap.
542 2461 600 2494 CLIV.
625 2457 643 2504 1)
659 2463 756 2508 κοσμικῶν
771 2462 836 2496 inserui

47 2506 66 2540 V.
75 2528 97 2532 —
105 2506 122 2549 8)
131 2506 157 2555 μή
167 2521 208 2547 πως
215 2520 231 2552 p.
241 2512 258 2543 εἴ
266 2520 306 2546 πως
314 2510 335 2543 V.
454 2517 474 2539 ex
481 2517 534 2549 marg.
547 2507 613 2539 Codicis
624 2506 675 2538 Hom.
688 2508 745 2540 Ottob.
757 2507 791 2540 cfr.
802 2508 836 2553 Ep.
874 2510 880 2515 ““

35 2551 37 2554 ’
454 2552 505 2585 Clem.
516 2563 529 2584 o.
542 2550 564 2585 10
575 2555 610 2584 not.
619 2549 630 2583 3
640 2555 707 2585 nostrae
716 2553 767 2585 Hom.
777 2552 836 2586 editio-

453 2597 485 2631 nis.
494 2615 516 2620 -
524 2595 542 2637 2)
551 2594 590 2632 ἀπὸ
598 2608 630 2629 om.
643 2597 662 2629 0.
672 2615 696 2620 -
707 2594 726 2637 3)
739 2597 837 2632 Substituas

8 2667 9 2671 .
47 2664 95 2699 Hom¹
105 2668 145 2701 eod·
157 2672 174 2701 e,
185 2668 225 2701 cod·
236 2669 278 2708 Reg.
290 2664 324 2700 804
335 2677 373 2699 cum
381 2667 424 2700 Tur-
454 2642 520 2695 ῥυπῶν
528 2654 549 2675 ex
557 2642 649 2683 Goteleri03
661 2638 727 2676 τόπων
736 2646 761 2676 est
770 2653 837 2688 quoque

4 2607 13 2621 ἶ,
79 2577 119 2621 (lap.
133 2578 184 2611 GLH.
209 2574 226 2620 l)
238 2578 278 2618 Leg.
291 2573 375 2621 ἀτέχνως
387 2586 424 2608 cum

9 2621 11 2624 ’
47 2619 84 2653 Rnf.
101 2626 117 2655 et
131 2623 156 2655 ed.
174 2622 261 2662 Gotelcrii3
280 2624 352 2659 τέκνοις
367 2624 425 2653 noster

47 2710 305 2754 rrrnnrroemrencaou.
397 2739 399 2741 .
453 2688 838 2779 ffifflstlg'pfflssuffflfflffjssffiss}31⁹}

80 2780 119 2824 Gap.
132 2781 192 2814 cLHI.
216 2777 234 2825 l)
251 2777 423 2819 actitantium.
454 2780 610 2822 etutroqueHom.
624 2778 663 2811 dod.
676 2797 699 2802 —
717 2776 736 2821 5)
750 2776 788 2814 κατ’
798 2777 838 2819 ἀξί-

8 2869 10 2872 ⁴
47 2817 69 2855 V·
76 2842 99 2848 —
107 2824 125 2867 2)
134 2822 237 2864 κοινωνοὺς
245 2827 264 2859 0.
272 2845 295 2849 —
301 2824 318 2867 3)
327 2826 425 2873 autumo.
454 2835 477 2859 cv
486 2826 506 2858 Ο.
