<?xml version="1.0" encoding="UTF-8"?>
<!DOCTYPE html PUBLIC "-//W3C//DTD XHTML 1.0 Transitional//EN"
    "http://www.w3.org/TR/xhtml1/DTD/xhtml1-transitional.dtd">
<html xmlns="http://www.w3.org/1999/xhtml" xml:lang="en" lang="en">
 <head>
  <title>
</title>
<meta http-equiv="Content-Type" content="text/html;charset=utf-8" />
  <meta name='ocr-system' content='tesseract 3.04.00' />
  <meta name='ocr-capabilities' content='ocr_page ocr_carea ocr_par ocr_line ocrx_word'/>
</head>
<body>
  <div class='ocr_page' id='page_1' title='image "MN41652ucmf_3_0341.png"; bbox 0 0 1827 3065; ppageno 0'>
   <div class='ocr_carea' id='block_1_1' title="bbox 175 104 824 154">
    <p class='ocr_par' dir='ltr' id='par_1_1' title="bbox 175 104 824 154">
     <span class='ocr_line' id='line_1_1' title="bbox 175 104 824 154; baseline 0.002 -8"><span class='ocrx_word' id='word_1_1' title='bbox 175 114 348 148; x_wconf 74' lang='lat' dir='ltr'>nncuunmuers</span> <span class='ocrx_word' id='word_1_2' title='bbox 357 116 412 149; x_wconf 82' lang='lat' dir='ltr'>nou.</span> <span class='ocrx_word' id='word_1_3' title='bbox 422 116 486 154; x_wconf 73' lang='lat' dir='ltr'>curn</span> <span class='ocrx_word' id='word_1_4' title='bbox 494 115 546 149; x_wconf 79' lang='lat' dir='ltr'>nnn.</span> <span class='ocrx_word' id='word_1_5' title='bbox 555 114 675 148; x_wconf 75' lang='lat' dir='ltr'>Hormine.</span> <span class='ocrx_word' id='word_1_6' title='bbox 782 104 824 147; x_wconf 79' lang='grc'>309</span> 
     </span>
    </p>
   </div>
   <div class='ocr_carea' id='block_1_2' title="bbox 28 211 828 2862">
    <p class='ocr_par' dir='ltr' id='par_1_2' title="bbox 28 211 825 708">
     <span class='ocr_line' id='line_1_2' title="bbox 30 211 824 263; baseline 0.003 -14"><span class='ocrx_word' id='word_1_7' title='bbox 30 219 71 254; x_wconf 67' lang='grc' dir='ltr'><em>μίαν</em></span> <span class='ocrx_word' id='word_1_8' title='bbox 80 211 129 261; x_wconf 85' lang='grc' dir='ltr'><em>πρὸς</em></span> <span class='ocrx_word' id='word_1_9' title='bbox 140 214 262 251; x_wconf 74' lang='grc' dir='ltr'>διδασκαλίαν</span> <span class='ocrx_word' id='word_1_10' title='bbox 275 218 393 263; x_wconf 70' lang='grc' dir='ltr'><em>σσμισδηνιιι</em></span> <span class='ocrx_word' id='word_1_11' title='bbox 403 216 486 253; x_wconf 87' lang='grc' dir='ltr'><em>δύναται.</em></span> <span class='ocrx_word' id='word_1_12' title='bbox 511 214 601 262; x_wconf 77' lang='lat' dir='ltr'>Gcnjieio</span> <span class='ocrx_word' id='word_1_13' title='bbox 616 214 716 262; x_wconf 80' lang='lat' dir='ltr'>equidem:</span> <span class='ocrx_word' id='word_1_14' title='bbox 732 216 783 251; x_wconf 81' lang='grc' dir='ltr'><em>εἰπὲ</em></span> <span class='ocrx_word' id='word_1_15' title='bbox 798 217 824 258; x_wconf 83' lang='grc' dir='ltr'>δὲ,</span> 
     </span>
     <span class='ocr_line' id='line_1_3' title="bbox 29 259 824 309; baseline -0.001 -11"><span class='ocrx_word' id='word_1_16' title='bbox 29 267 45 299; x_wconf 81' lang='grc' dir='ltr'>εἴ</span> <span class='ocrx_word' id='word_1_17' title='bbox 53 274 81 300; x_wconf 85' lang='grc' dir='ltr'><em>τις</em></span> <span class='ocrx_word' id='word_1_18' title='bbox 89 259 113 294; x_wconf 76' lang='grc' dir='ltr'><em>δι’</em></span> <span class='ocrx_word' id='word_1_19' title='bbox 124 259 167 295; x_wconf 85' lang='grc' dir='ltr'><em>ὀπτ.</em></span> <span class='ocrx_word' id='word_1_20' title='bbox 176 262 221 295; x_wconf 80' lang='lat' dir='ltr'>cett,</span> <span class='ocrx_word' id='word_1_21' title='bbox 244 259 296 295; x_wconf 85' lang='lat' dir='ltr'>lllud</span> <span class='ocrx_word' id='word_1_22' title='bbox 304 260 425 307; x_wconf 80' lang='lat' dir='ltr'>aptissimum</span> <span class='ocrx_word' id='word_1_23' title='bbox 434 265 463 297; x_wconf 85' lang='lat' dir='ltr'>est</span> <span class='ocrx_word' id='word_1_24' title='bbox 474 263 500 297; x_wconf 78' lang='lat' dir='ltr'>nd</span> <span class='ocrx_word' id='word_1_25' title='bbox 508 262 537 304; x_wconf 82' lang='lat' dir='ltr'>id,</span> <span class='ocrx_word' id='word_1_26' title='bbox 550 261 602 309; x_wconf 88' lang='lat' dir='ltr'>qnod</span> <span class='ocrx_word' id='word_1_27' title='bbox 611 260 707 308; x_wconf 82' lang='lat' dir='ltr'>sequitur:</span> <span class='ocrx_word' id='word_1_28' title='bbox 719 264 750 296; x_wconf 84' lang='grc' dir='ltr'>καὶ</span> <span class='ocrx_word' id='word_1_29' title='bbox 761 264 779 297; x_wconf 75' lang='grc' dir='ltr'>εἰ</span> <span class='ocrx_word' id='word_1_30' title='bbox 788 261 824 308; x_wconf 84' lang='grc' dir='ltr'>μὲν</span> 
     </span>
     <span class='ocr_line' id='line_1_4' title="bbox 28 303 824 355; baseline -0.001 -13"><span class='ocrx_word' id='word_1_31' title='bbox 28 310 82 355; x_wconf 72' lang='grc' dir='ltr'><em>ἐρεῖς·</em></span> <span class='ocrx_word' id='word_1_32' title='bbox 95 303 177 342; x_wconf 88' lang='grc' dir='ltr'><em>δύνιιτόν</em></span> <span class='ocrx_word' id='word_1_33' title='bbox 188 305 241 341; x_wconf 76' lang='grc' dir='ltr'><em>ἔστιν</em></span> <span class='ocrx_word' id='word_1_34' title='bbox 254 308 299 340; x_wconf 87' lang='lat' dir='ltr'>cett.</span> <span class='ocrx_word' id='word_1_35' title='bbox 307 328 331 333; x_wconf 82' lang='lat'><em>-</em></span> <span class='ocrx_word' id='word_1_36' title='bbox 342 305 411 353; x_wconf 86' lang='lat' dir='ltr'>Neque</span> <span class='ocrx_word' id='word_1_37' title='bbox 424 319 471 343; x_wconf 79' lang='lat' dir='ltr'>sana</span> <span class='ocrx_word' id='word_1_38' title='bbox 481 319 521 343; x_wconf 87' lang='lat' dir='ltr'>ncn</span> <span class='ocrx_word' id='word_1_39' title='bbox 532 311 586 352; x_wconf 88' lang='lat' dir='ltr'>sunt,</span> <span class='ocrx_word' id='word_1_40' title='bbox 599 319 649 354; x_wconf 79' lang='lat' dir='ltr'>quae</span> <span class='ocrx_word' id='word_1_41' title='bbox 662 309 770 354; x_wconf 86' lang='lat' dir='ltr'>sequnntur</span> <span class='ocrx_word' id='word_1_42' title='bbox 777 316 795 340; x_wconf 82' lang='lat' dir='ltr'>r.</span> <span class='ocrx_word' id='word_1_43' title='bbox 804 306 824 342; x_wconf 80' lang='lat'>8:</span> 
     </span>
     <span class='ocr_line' id='line_1_5' title="bbox 28 349 824 410; baseline -0.001 -22"><span class='ocrx_word' id='word_1_44' title='bbox 28 354 67 392; x_wconf 77' lang='grc' dir='ltr'><em>πῶς</em></span> <span class='ocrx_word' id='word_1_45' title='bbox 75 351 98 386; x_wconf 74' lang='grc' dir='ltr'>δι’</span> <span class='ocrx_word' id='word_1_46' title='bbox 106 363 137 386; x_wconf 86' lang='grc' dir='ltr'>σοι</span> <span class='ocrx_word' id='word_1_47' title='bbox 147 354 178 386; x_wconf 85' lang='grc' dir='ltr'>καὶ</span> <span class='ocrx_word' id='word_1_48' title='bbox 189 349 318 403; x_wconf 76' lang='grc' dir='ltr'><em>πιστεύσομεν</em></span> <span class='ocrx_word' id='word_1_49' title='bbox 329 352 385 395; x_wconf 78' lang='grc' dir='ltr'><em>αὐτὸ,</em></span> <span class='ocrx_word' id='word_1_50' title='bbox 397 351 432 390; x_wconf 77' lang='grc' dir='ltr'><em>κᾶν</em></span> <span class='ocrx_word' id='word_1_51' title='bbox 441 352 471 389; x_wconf 83' lang='grc' dir='ltr'><em>ὅτι</em></span> <span class='ocrx_word' id='word_1_52' title='bbox 480 353 536 410; x_wconf 77' lang='grc' dir='ltr'><em>ιύιγθη</em></span> <span class='ocrx_word' id='word_1_53' title='bbox 545 366 587 397; x_wconf 82' lang='grc' dir='ltr'>σοι,Ι</span> <span class='ocrx_word' id='word_1_54' title='bbox 601 354 642 394; x_wconf 83' lang='grc' dir='ltr'><em>πῶς</em></span> <span class='ocrx_word' id='word_1_55' title='bbox 655 354 678 389; x_wconf 84' lang='grc' dir='ltr'>δέ</span> <span class='ocrx_word' id='word_1_56' title='bbox 689 365 720 388; x_wconf 92' lang='grc' dir='ltr'>σοι</span> <span class='ocrx_word' id='word_1_57' title='bbox 728 356 759 388; x_wconf 85' lang='grc' dir='ltr'>καὶ</span> <span class='ocrx_word' id='word_1_58' title='bbox 768 350 824 398; x_wconf 60' lang='lat' dir='ltr'>ripen</span> 
     </span>
     <span class='ocr_line' id='line_1_6' title="bbox 28 395 824 446; baseline 0 -11"><span class='ocrx_word' id='word_1_59' title='bbox 28 400 71 435; x_wconf 85' lang='lat' dir='ltr'>cett.</span> <span class='ocrx_word' id='word_1_60' title='bbox 95 395 254 444; x_wconf 81' lang='lat' dir='ltr'>Tenteteliqurs:</span> <span class='ocrx_word' id='word_1_61' title='bbox 267 398 307 437; x_wconf 76' lang='lat' dir='ltr'>nde</span> <span class='ocrx_word' id='word_1_62' title='bbox 318 399 341 434; x_wconf 81' lang='grc' dir='ltr'>δέ</span> <span class='ocrx_word' id='word_1_63' title='bbox 352 410 381 434; x_wconf 90' lang='grc' dir='ltr'>σοι</span> <span class='ocrx_word' id='word_1_64' title='bbox 392 402 422 435; x_wconf 85' lang='grc' dir='ltr'>καὶ</span> <span class='ocrx_word' id='word_1_65' title='bbox 434 411 563 446; x_wconf 71' lang='grc' dir='ltr'><em>πιστεύσομεν</em></span> <span class='ocrx_word' id='word_1_66' title='bbox 574 399 619 437; x_wconf 81' lang='grc' dir='ltr'><em>αὐτὸ</em></span> <span class='ocrx_word' id='word_1_67' title='bbox 629 402 712 441; x_wconf 73' lang='grc' dir='ltr'><em>ἐκεῖνο,</em></span> <span class='ocrx_word' id='word_1_68' title='bbox 727 396 756 435; x_wconf 84' lang='grc' dir='ltr'><em>ὅτι</em></span> <span class='ocrx_word' id='word_1_69' title='bbox 766 396 824 443; x_wconf 62' lang='grc' dir='ltr'>ὤφθη</span> 
     </span>
     <span class='ocr_line' id='line_1_7' title="bbox 29 441 824 494; baseline 0.004 -16"><span class='ocrx_word' id='word_1_70' title='bbox 29 455 56 480; x_wconf 92' lang='grc' dir='ltr'>σοι</span> <span class='ocrx_word' id='word_1_71' title='bbox 61 458 67 485; x_wconf 80' lang='lat'>,-</span> <span class='ocrx_word' id='word_1_72' title='bbox 76 441 220 490; x_wconf 68' lang='grc' dir='ltr'><em>ποῖςγάρμοόί,</em></span> <span class='ocrx_word' id='word_1_73' title='bbox 228 442 318 478; x_wconf 84' lang='lat' dir='ltr'>—Porro</span> <span class='ocrx_word' id='word_1_74' title='bbox 327 455 344 477; x_wconf 88' lang='lat' dir='ltr'>r.</span> <span class='ocrx_word' id='word_1_75' title='bbox 353 443 376 478; x_wconf 82' lang='lat'>13</span> <span class='ocrx_word' id='word_1_76' title='bbox 384 443 506 480; x_wconf 86' lang='lat' dir='ltr'>scribendum</span> <span class='ocrx_word' id='word_1_77' title='bbox 514 444 601 481; x_wconf 80' lang='lat' dir='ltr'>videtur:</span> <span class='ocrx_word' id='word_1_78' title='bbox 614 449 630 482; x_wconf 80' lang='grc' dir='ltr'>εἰ</span> <span class='ocrx_word' id='word_1_79' title='bbox 640 445 682 494; x_wconf 76' lang='grc' dir='ltr'>γάρ</span> <span class='ocrx_word' id='word_1_80' title='bbox 694 444 726 480; x_wconf 86' lang='lat' dir='ltr'>vel</span> <span class='ocrx_word' id='word_1_81' title='bbox 738 447 755 481; x_wconf 77' lang='grc' dir='ltr'>εἰ</span> <span class='ocrx_word' id='word_1_82' title='bbox 764 445 776 480; x_wconf 90' lang='grc' dir='ltr'><em>δ</em></span> <span class='ocrx_word' id='word_1_83' title='bbox 781 446 789 481; x_wconf 75' lang='grc' dir='ltr'><em>ὲ</em></span> <span class='ocrx_word' id='word_1_84' title='bbox 796 443 824 492; x_wconf 81' lang='grc' dir='ltr'><em>μὴ</em></span> 
     </span>
     <span class='ocr_line' id='line_1_8' title="bbox 28 489 825 538; baseline 0.001 -13"><span class='ocrx_word' id='word_1_85' title='bbox 28 491 154 537; x_wconf 63' lang='grc' dir='ltr'><em>ἀντικείμενος</em></span> <span class='ocrx_word' id='word_1_86' title='bbox 167 492 196 532; x_wconf 78' lang='grc' dir='ltr'>ης,</span> <span class='ocrx_word' id='word_1_87' title='bbox 212 498 281 523; x_wconf 84' lang='lat' dir='ltr'>vereor</span> <span class='ocrx_word' id='word_1_88' title='bbox 295 489 346 524; x_wconf 90' lang='lat' dir='ltr'>enim</span> <span class='ocrx_word' id='word_1_89' title='bbox 360 492 382 524; x_wconf 89' lang='lat' dir='ltr'>nt</span> <span class='ocrx_word' id='word_1_90' title='bbox 393 489 500 535; x_wconf 77' lang='lat' dir='ltr'>asyndeton</span> <span class='ocrx_word' id='word_1_91' title='bbox 514 489 562 526; x_wconf 83' lang='lat' dir='ltr'>ferri</span> <span class='ocrx_word' id='word_1_92' title='bbox 576 490 751 538; x_wconf 79' lang='lat' dir='ltr'>queet,etv.16:</span> <span class='ocrx_word' id='word_1_93' title='bbox 768 494 785 527; x_wconf 78' lang='grc' dir='ltr'>εἳ</span> <span class='ocrx_word' id='word_1_94' title='bbox 799 490 825 526; x_wconf 84' lang='grc' dir='ltr'>δὲ</span> 
     </span>
     <span class='ocr_line' id='line_1_9' title="bbox 28 534 823 584; baseline -0.003 -12"><span class='ocrx_word' id='word_1_95' title='bbox 28 536 182 581; x_wconf 62' lang='grc' dir='ltr'><em>κατεγνωσμένον</em></span> <span class='ocrx_word' id='word_1_96' title='bbox 189 547 214 581; x_wconf 86' lang='grc' dir='ltr'><em>με</em></span> <span class='ocrx_word' id='word_1_97' title='bbox 223 537 286 581; x_wconf 75' lang='grc' dir='ltr'><em>λέγεις,</em></span> <span class='ocrx_word' id='word_1_98' title='bbox 296 545 360 581; x_wconf 86' lang='lat' dir='ltr'>neque</span> <span class='ocrx_word' id='word_1_99' title='bbox 369 534 420 569; x_wconf 85' lang='lat' dir='ltr'>enirn</span> <span class='ocrx_word' id='word_1_100' title='bbox 428 535 549 572; x_wconf 80' lang='lat' dir='ltr'>tolerandum</span> <span class='ocrx_word' id='word_1_101' title='bbox 558 541 593 580; x_wconf 85' lang='lat' dir='ltr'>est,</span> <span class='ocrx_word' id='word_1_102' title='bbox 602 538 653 584; x_wconf 90' lang='lat' dir='ltr'>quod</span> <span class='ocrx_word' id='word_1_103' title='bbox 663 536 778 573; x_wconf 82' lang='lat' dir='ltr'>ediderunt:</span> <span class='ocrx_word' id='word_1_104' title='bbox 788 534 798 581; x_wconf 74' lang='grc' dir='ltr'><em>ἢ</em></span> <span class='ocrx_word' id='word_1_105' title='bbox 807 539 823 572; x_wconf 75' lang='lat' dir='ltr'>rt</span> 
     </span>
     <span class='ocr_line' id='line_1_10' title="bbox 28 580 822 630; baseline 0 -13"><span class='ocrx_word' id='word_1_106' title='bbox 28 583 183 627; x_wconf 70' lang='grc' dir='ltr'><em>κατεγνωσμένον</em></span> <span class='ocrx_word' id='word_1_107' title='bbox 188 592 213 627; x_wconf 83' lang='grc' dir='ltr'><em>με</em></span> <span class='ocrx_word' id='word_1_108' title='bbox 219 582 283 627; x_wconf 75' lang='grc' dir='ltr'><em>λέγεις,</em></span> <span class='ocrx_word' id='word_1_109' title='bbox 295 580 369 615; x_wconf 85' lang='lat' dir='ltr'>Eodem</span> <span class='ocrx_word' id='word_1_110' title='bbox 375 592 432 616; x_wconf 81' lang='lat' dir='ltr'>versu</span> <span class='ocrx_word' id='word_1_111' title='bbox 439 580 592 628; x_wconf 75' lang='lat' dir='ltr'><strong>obtemperatum</strong></span> <span class='ocrx_word' id='word_1_112' title='bbox 600 584 686 629; x_wconf 88' lang='lat' dir='ltr'>oportuit</span> <span class='ocrx_word' id='word_1_113' title='bbox 692 581 822 630; x_wconf 77' lang='lat' dir='ltr'>Sclrweglerc,</span> 
     </span>
     <span class='ocr_line' id='line_1_11' title="bbox 28 624 822 706; baseline 0.001 -44"><span class='ocrx_word' id='word_1_114' title='bbox 28 625 128 706; x_wconf 63' lang='lat' dir='ltr'>leqendqm</span> <span class='ocrx_word' id='word_1_115' title='bbox 140 636 183 661; x_wconf 89' lang='lat' dir='ltr'>esse</span> <span class='ocrx_word' id='word_1_116' title='bbox 196 624 291 660; x_wconf 73' lang='lat' dir='ltr'>censenti:</span> <span class='ocrx_word' id='word_1_117' title='bbox 307 624 337 674; x_wconf 77' lang='grc' dir='ltr'><em>μὴ</em></span> <span class='ocrx_word' id='word_1_118' title='bbox 350 626 504 674; x_wconf 70' lang='grc' dir='ltr'><em>εὐδοκιμοῦντος,</em></span> <span class='ocrx_word' id='word_1_119' title='bbox 517 632 569 663; x_wconf 85' lang='lat' dir='ltr'>certe</span> <span class='ocrx_word' id='word_1_120' title='bbox 580 627 672 664; x_wconf 87' lang='lat' dir='ltr'>librorum</span> <span class='ocrx_word' id='word_1_121' title='bbox 687 627 783 674; x_wconf 83' lang='lat' dir='ltr'>scriptura</span> <span class='ocrx_word' id='word_1_122' title='bbox 795 627 822 663; x_wconf 91' lang='lat' dir='ltr'>in-</span> 
     </span>
     <span class='ocr_line' id='line_1_12' title="bbox 29 682 117 708; baseline -0.034 0"><span class='ocrx_word' id='word_1_123' title='bbox 29 685 38 708; x_wconf 85' lang='lat' dir='ltr'>e</span> <span class='ocrx_word' id='word_1_124' title='bbox 61 682 117 706; x_wconf 76' lang='lat' dir='ltr'>aee.</span> 
     </span>
    </p>

    <p class='ocr_par' dir='ltr' id='par_1_3' title="bbox 28 684 823 1176">
     <span class='ocr_line' id='line_1_13' title="bbox 38 684 822 766; baseline 0.005 -16"><span class='ocrx_word' id='word_1_125' title='bbox 38 684 51 719; x_wconf 72' lang='lat' dir='ltr'>p</span> <span class='ocrx_word' id='word_1_126' title='bbox 72 716 93 751; x_wconf 92' lang='lat' dir='ltr'>P.</span> <span class='ocrx_word' id='word_1_127' title='bbox 102 715 161 757; x_wconf 59' lang='lat'>3521</span> <span class='ocrx_word' id='word_1_128' title='bbox 174 727 212 751; x_wconf 91' lang='lat' dir='ltr'>non</span> <span class='ocrx_word' id='word_1_129' title='bbox 225 718 266 751; x_wconf 83' lang='lat' dir='ltr'>erat</span> <span class='ocrx_word' id='word_1_130' title='bbox 280 716 398 764; x_wconf 79' lang='lat' dir='ltr'>negligenda</span> <span class='ocrx_word' id='word_1_131' title='bbox 411 716 482 753; x_wconf 87' lang='lat' dir='ltr'>codicis</span> <span class='ocrx_word' id='word_1_132' title='bbox 494 716 510 753; x_wconf 86' lang='grc' dir='ltr'>Ο</span> <span class='ocrx_word' id='word_1_133' title='bbox 523 717 627 765; x_wconf 78' lang='lat' dir='ltr'>scripture:</span> <span class='ocrx_word' id='word_1_134' title='bbox 642 722 748 766; x_wconf 73' lang='grc' dir='ltr'><em>κατιιιρέρη,</em></span> <span class='ocrx_word' id='word_1_135' title='bbox 763 730 822 766; x_wconf 87' lang='lat' dir='ltr'>quum</span> 
     </span>
     <span class='ocr_line' id='line_1_14' title="bbox 28 757 821 810; baseline -0.001 -10"><span class='ocrx_word' id='word_1_136' title='bbox 28 765 170 810; x_wconf 64' lang='lat' dir='ltr'>ueroqepeedor&#39;</span> <span class='ocrx_word' id='word_1_137' title='bbox 179 775 231 803; x_wconf 80' lang='grc' dir='ltr'><em>τινος</em></span> <span class='ocrx_word' id='word_1_138' title='bbox 240 760 297 797; x_wconf 85' lang='lat' dir='ltr'>etiem</span> <span class='ocrx_word' id='word_1_139' title='bbox 308 762 355 799; x_wconf 72' lang='lat' dir='ltr'>alibi</span> <span class='ocrx_word' id='word_1_140' title='bbox 364 762 469 805; x_wconf 60' lang='lat' dir='ltr'>significet:</span> <span class='ocrx_word' id='word_1_141' title='bbox 482 764 518 808; x_wconf 88' lang='lat' dir='ltr'>„im</span> <span class='ocrx_word' id='word_1_142' title='bbox 534 768 585 800; x_wconf 88' lang='lat' dir='ltr'>etum</span> <span class='ocrx_word' id='word_1_143' title='bbox 592 763 667 807; x_wconf 80' lang='lat' dir='ltr'>fecere,</span> <span class='ocrx_word' id='word_1_144' title='bbox 680 757 745 800; x_wconf 83' lang='lat' dir='ltr'>invelii</span> <span class='ocrx_word' id='word_1_145' title='bbox 757 765 777 799; x_wconf 90' lang='lat' dir='ltr'>in</span> <span class='ocrx_word' id='word_1_146' title='bbox 786 764 821 800; x_wconf 87' lang='lat' dir='ltr'>nli·</span> 
     </span>
     <span class='ocr_line' id='line_1_15' title="bbox 29 806 821 857; baseline 0.004 -15"><span class='ocrx_word' id='word_1_147' title='bbox 29 810 104 855; x_wconf 71' lang='lat' dir='ltr'>quenr‘,</span> <span class='ocrx_word' id='word_1_148' title='bbox 114 807 148 843; x_wconf 82' lang='lat' dir='ltr'>cfr.</span> <span class='ocrx_word' id='word_1_149' title='bbox 158 807 216 844; x_wconf 82' lang='lat' dir='ltr'>Thes.</span> <span class='ocrx_word' id='word_1_150' title='bbox 227 806 317 853; x_wconf 72' lang='lat' dir='ltr'>stephan.</span> <span class='ocrx_word' id='word_1_151' title='bbox 327 808 372 844; x_wconf 87' lang='lat' dir='ltr'>edit.</span> <span class='ocrx_word' id='word_1_152' title='bbox 380 808 441 844; x_wconf 82' lang='lat' dir='ltr'>Paris.</span> <span class='ocrx_word' id='word_1_153' title='bbox 450 809 510 845; x_wconf 77' lang='lat' dir='ltr'>VotI</span> <span class='ocrx_word' id='word_1_154' title='bbox 529 822 560 857; x_wconf 89' lang='lat' dir='ltr'>,p.</span> <span class='ocrx_word' id='word_1_155' title='bbox 570 810 608 856; x_wconf 78' lang='lat'>128,</span> <span class='ocrx_word' id='word_1_156' title='bbox 618 816 633 845; x_wconf 78' lang='grc'>7.</span> <span class='ocrx_word' id='word_1_157' title='bbox 645 832 669 836; x_wconf 82' lang='lat'><strong>—</strong></span> <span class='ocrx_word' id='word_1_158' title='bbox 677 810 739 846; x_wconf 83' lang='lat' dir='ltr'>Porro</span> <span class='ocrx_word' id='word_1_159' title='bbox 751 810 772 845; x_wconf 87' lang='lat' dir='ltr'>in</span> <span class='ocrx_word' id='word_1_160' title='bbox 780 822 821 846; x_wconf 84' lang='lat' dir='ltr'>ver-</span> 
     </span>
     <span class='ocr_line' id='line_1_16' title="bbox 28 853 821 904; baseline 0.003 -15"><span class='ocrx_word' id='word_1_161' title='bbox 28 854 68 891; x_wconf 82' lang='lat' dir='ltr'>bis:</span> <span class='ocrx_word' id='word_1_162' title='bbox 75 855 161 903; x_wconf 74' lang='grc' dir='ltr'><em>ἐπείπερ</em></span> <span class='ocrx_word' id='word_1_163' title='bbox 170 853 242 900; x_wconf 66' lang='grc' dir='ltr'><em>ἀληθῶς</em></span> <span class='ocrx_word' id='word_1_164' title='bbox 251 856 274 903; x_wconf 73' lang='grc' dir='ltr'>τη</span> <span class='ocrx_word' id='word_1_165' title='bbox 282 853 360 901; x_wconf 73' lang='grc' dir='ltr'><em>άληδείιγ</em></span> <span class='ocrx_word' id='word_1_166' title='bbox 370 856 483 904; x_wconf 69' lang='grc' dir='ltr'><em>συνεργῆσαι</em></span> <span class='ocrx_word' id='word_1_167' title='bbox 490 858 557 897; x_wconf 68' lang='grc' dir='ltr'><em>θέλεις,</em></span> <span class='ocrx_word' id='word_1_168' title='bbox 567 856 611 902; x_wconf 77' lang='lat' dir='ltr'>jure</span> <span class='ocrx_word' id='word_1_169' title='bbox 621 855 702 891; x_wconf 85' lang='lat' dir='ltr'>offendit</span> <span class='ocrx_word' id='word_1_170' title='bbox 710 855 821 904; x_wconf 82' lang='lat' dir='ltr'>Schwegle-</span> 
     </span>
     <span class='ocr_line' id='line_1_17' title="bbox 28 899 822 948; baseline 0.001 -13"><span class='ocrx_word' id='word_1_171' title='bbox 28 911 65 935; x_wconf 86' lang='lat' dir='ltr'>rus.</span> <span class='ocrx_word' id='word_1_172' title='bbox 92 901 119 934; x_wconf 73' lang='lat' dir='ltr'>nt</span> <span class='ocrx_word' id='word_1_173' title='bbox 136 899 225 946; x_wconf 79' lang='lat' dir='ltr'>equidem</span> <span class='ocrx_word' id='word_1_174' title='bbox 240 899 317 942; x_wconf 83' lang='lat' dir='ltr'>dubito,</span> <span class='ocrx_word' id='word_1_175' title='bbox 334 913 379 936; x_wconf 87' lang='lat' dir='ltr'>num</span> <span class='ocrx_word' id='word_1_176' title='bbox 395 912 427 946; x_wconf 90' lang='lat' dir='ltr'>eo,</span> <span class='ocrx_word' id='word_1_177' title='bbox 448 901 499 947; x_wconf 88' lang='lat' dir='ltr'>quod</span> <span class='ocrx_word' id='word_1_178' title='bbox 515 901 626 947; x_wconf 77' lang='lat' dir='ltr'>preposuit,</span> <span class='ocrx_word' id='word_1_179' title='bbox 642 902 747 948; x_wconf 78' lang='lat' dir='ltr'>genuinam</span> <span class='ocrx_word' id='word_1_180' title='bbox 763 901 822 948; x_wconf 83' lang='lat' dir='ltr'>hujus</span> 
     </span>
     <span class='ocr_line' id='line_1_18' title="bbox 28 944 823 994; baseline 0.003 -13"><span class='ocrx_word' id='word_1_181' title='bbox 28 944 125 991; x_wconf 86' lang='lat' dir='ltr'>scriptoris</span> <span class='ocrx_word' id='word_1_182' title='bbox 133 956 210 980; x_wconf 82' lang='lat' dir='ltr'>monum</span> <span class='ocrx_word' id='word_1_183' title='bbox 217 945 324 982; x_wconf 85' lang='lat' dir='ltr'>restituerit</span> <span class='ocrx_word' id='word_1_184' title='bbox 355 944 428 982; x_wconf 81' lang='lat' dir='ltr'>Censeo</span> <span class='ocrx_word' id='word_1_185' title='bbox 441 949 505 982; x_wconf 80' lang='lat' dir='ltr'>eutem</span> <span class='ocrx_word' id='word_1_186' title='bbox 515 948 580 984; x_wconf 91' lang='lat' dir='ltr'>locum</span> <span class='ocrx_word' id='word_1_187' title='bbox 593 946 613 982; x_wconf 90' lang='lat' dir='ltr'>in</span> <span class='ocrx_word' id='word_1_188' title='bbox 624 946 674 983; x_wconf 81' lang='lat' dir='ltr'>hene</span> <span class='ocrx_word' id='word_1_189' title='bbox 685 946 725 983; x_wconf 81' lang='lat' dir='ltr'>fere</span> <span class='ocrx_word' id='word_1_190' title='bbox 737 948 823 994; x_wconf 89' lang='lat' dir='ltr'>speciem</span> 
     </span>
     <span class='ocr_line' id='line_1_19' title="bbox 29 989 822 1040; baseline 0 -13"><span class='ocrx_word' id='word_1_191' title='bbox 29 1002 71 1027; x_wconf 88' lang='lat' dir='ltr'>esse</span> <span class='ocrx_word' id='word_1_192' title='bbox 83 989 225 1038; x_wconf 78' lang='lat' dir='ltr'>refingendnrn:</span> <span class='ocrx_word' id='word_1_193' title='bbox 238 993 281 1028; x_wconf 72' lang='grc' dir='ltr'><em>ἐπεὶ</em></span> <span class='ocrx_word' id='word_1_194' title='bbox 294 991 370 1038; x_wconf 46' lang='grc' dir='ltr'><em>πάρει)</em></span> <span class='ocrx_word' id='word_1_195' title='bbox 385 997 449 1037; x_wconf 79' lang='grc' dir='ltr'><em>εἴπερ</em></span> <span class='ocrx_word' id='word_1_196' title='bbox 463 992 537 1036; x_wconf 74' lang='grc' dir='ltr'><em>άληθῶς</em></span> <span class='ocrx_word' id='word_1_197' title='bbox 551 996 596 1028; x_wconf 88' lang='lat' dir='ltr'>cett.</span> <span class='ocrx_word' id='word_1_198' title='bbox 610 1013 634 1019; x_wconf 75' lang='lat'><em>-</em></span> <span class='ocrx_word' id='word_1_199' title='bbox 649 992 672 1029; x_wconf 66' lang='lat' dir='ltr'>V,</span> <span class='ocrx_word' id='word_1_200' title='bbox 684 995 695 1028; x_wconf 89' lang='lat'>5</span> <span class='ocrx_word' id='word_1_201' title='bbox 708 1004 735 1040; x_wconf 86' lang='lat' dir='ltr'>sq.</span> <span class='ocrx_word' id='word_1_202' title='bbox 747 993 822 1028; x_wconf 87' lang='lat' dir='ltr'>mireris</span> 
     </span>
     <span class='ocr_line' id='line_1_20' title="bbox 28 1036 822 1088; baseline 0.001 -16"><span class='ocrx_word' id='word_1_203' title='bbox 28 1042 118 1083; x_wconf 75' lang='lat' dir='ltr'>tanquam</span> <span class='ocrx_word' id='word_1_204' title='bbox 126 1048 174 1072; x_wconf 79' lang='lat' dir='ltr'>senc</span> <span class='ocrx_word' id='word_1_205' title='bbox 182 1036 235 1072; x_wconf 82' lang='lat' dir='ltr'>edita</span> <span class='ocrx_word' id='word_1_206' title='bbox 244 1049 286 1073; x_wconf 90' lang='lat' dir='ltr'>esse</span> <span class='ocrx_word' id='word_1_207' title='bbox 294 1037 342 1074; x_wconf 82' lang='lat' dir='ltr'>haec</span> <span class='ocrx_word' id='word_1_208' title='bbox 350 1037 419 1074; x_wconf 82' lang='lat' dir='ltr'>verba:</span> <span class='ocrx_word' id='word_1_209' title='bbox 432 1037 444 1075; x_wconf 73' lang='lat' dir='ltr'>t</span> <span class='ocrx_word' id='word_1_210' title='bbox 455 1040 476 1075; x_wconf 79' lang='grc' dir='ltr'>δὲ</span> <span class='ocrx_word' id='word_1_211' title='bbox 485 1037 509 1080; x_wconf 77' lang='lat' dir='ltr'>rie</span> <span class='ocrx_word' id='word_1_212' title='bbox 517 1039 622 1088; x_wconf 70' lang='grc' dir='ltr'><em>μανθάνων</em></span> <span class='ocrx_word' id='word_1_213' title='bbox 631 1038 737 1086; x_wconf 69' lang='grc' dir='ltr'><em>ἒπνσόμην,</em></span> <span class='ocrx_word' id='word_1_214' title='bbox 747 1043 778 1075; x_wconf 74' lang='grc' dir='ltr'>ἵνα</span> <span class='ocrx_word' id='word_1_215' title='bbox 787 1039 822 1074; x_wconf 68' lang='lat' dir='ltr'>ule</span> 
     </span>
     <span class='ocr_line' id='line_1_21' title="bbox 30 1082 823 1139; baseline 0.001 -21"><span class='ocrx_word' id='word_1_216' title='bbox 30 1086 74 1118; x_wconf 87' lang='lat' dir='ltr'>cett.</span> <span class='ocrx_word' id='word_1_217' title='bbox 98 1082 161 1117; x_wconf 86' lang='lat' dir='ltr'>Prirnc</span> <span class='ocrx_word' id='word_1_218' title='bbox 172 1083 227 1127; x_wconf 90' lang='lat' dir='ltr'>enim,</span> <span class='ocrx_word' id='word_1_219' title='bbox 237 1082 314 1139; x_wconf 88' lang='lat' dir='ltr'>opiner,</span> <span class='ocrx_word' id='word_1_220' title='bbox 327 1083 397 1119; x_wconf 88' lang='lat' dir='ltr'>obtutu</span> <span class='ocrx_word' id='word_1_221' title='bbox 405 1087 494 1131; x_wconf 83' lang='lat' dir='ltr'>apparet,</span> <span class='ocrx_word' id='word_1_222' title='bbox 507 1088 552 1131; x_wconf 83' lang='lat' dir='ltr'>post</span> <span class='ocrx_word' id='word_1_223' title='bbox 561 1082 573 1120; x_wconf 82' lang='grc' dir='ltr'>ιῖ</span> <span class='ocrx_word' id='word_1_224' title='bbox 581 1086 602 1122; x_wconf 81' lang='grc' dir='ltr'>δὲ</span> <span class='ocrx_word' id='word_1_225' title='bbox 614 1084 736 1120; x_wconf 72' lang='lat' dir='ltr'>intercidisse</span> <span class='ocrx_word' id='word_1_226' title='bbox 744 1083 823 1119; x_wconf 83' lang='lat' dir='ltr'>verbum</span> 
     </span>
     <span class='ocr_line' id='line_1_22' title="bbox 29 1127 295 1176; baseline -0.004 -12"><span class='ocrx_word' id='word_1_227' title='bbox 29 1129 74 1172; x_wconf 78' lang='lat' dir='ltr'>tale,</span> <span class='ocrx_word' id='word_1_228' title='bbox 85 1127 141 1175; x_wconf 80' lang='lat' dir='ltr'>quale</span> <span class='ocrx_word' id='word_1_229' title='bbox 150 1131 180 1164; x_wconf 89' lang='lat' dir='ltr'>est</span> <span class='ocrx_word' id='word_1_230' title='bbox 189 1129 295 1176; x_wconf 74' lang='grc' dir='ltr'><em>ἐπυθόμην.</em></span> 
     </span>
    </p>

    <p class='ocr_par' dir='ltr' id='par_1_4' title="bbox 28 1173 826 1858">
     <span class='ocr_line' id='line_1_23' title="bbox 73 1173 823 1223; baseline 0.004 -15"><span class='ocrx_word' id='word_1_231' title='bbox 73 1174 95 1208; x_wconf 89' lang='lat' dir='ltr'>P.</span> <span class='ocrx_word' id='word_1_232' title='bbox 103 1174 143 1214; x_wconf 82' lang='grc'>353,</span> <span class='ocrx_word' id='word_1_233' title='bbox 152 1176 161 1209; x_wconf 81' lang='lat' dir='ltr'>l</span> <span class='ocrx_word' id='word_1_234' title='bbox 171 1173 237 1210; x_wconf 89' lang='lat' dir='ltr'>nescio</span> <span class='ocrx_word' id='word_1_235' title='bbox 246 1185 271 1210; x_wconf 82' lang='lat' dir='ltr'>nn</span> <span class='ocrx_word' id='word_1_236' title='bbox 280 1174 402 1210; x_wconf 86' lang='lat' dir='ltr'>scribendum</span> <span class='ocrx_word' id='word_1_237' title='bbox 411 1174 445 1210; x_wconf 89' lang='lat' dir='ltr'>sit:</span> <span class='ocrx_word' id='word_1_238' title='bbox 455 1176 488 1212; x_wconf 71' lang='grc' dir='ltr'>ἐπὶ</span> <span class='ocrx_word' id='word_1_239' title='bbox 496 1179 561 1215; x_wconf 87' lang='grc' dir='ltr'><em>ποίαις</em></span> <span class='ocrx_word' id='word_1_240' title='bbox 569 1173 648 1223; x_wconf 80' lang='grc' dir='ltr'><em>πράξεσι</em></span> <span class='ocrx_word' id='word_1_241' title='bbox 657 1176 711 1211; x_wconf 84' lang='grc' dir='ltr'><em>δοκεῖ</em></span> <span class='ocrx_word' id='word_1_242' title='bbox 719 1186 750 1211; x_wconf 88' lang='grc' dir='ltr'>σοι</span> <span class='ocrx_word' id='word_1_243' title='bbox 759 1174 769 1210; x_wconf 83' lang='grc' dir='ltr'><strong>ὁ</strong></span> <span class='ocrx_word' id='word_1_244' title='bbox 777 1175 823 1221; x_wconf 76' lang='grc' dir='ltr'><em>ἀγα-</em></span> 
     </span>
     <span class='ocr_line' id='line_1_24' title="bbox 29 1218 824 1268; baseline -0.001 -11"><span class='ocrx_word' id='word_1_245' title='bbox 29 1219 65 1261; x_wconf 78' lang='grc' dir='ltr'>θὸς</span> <span class='ocrx_word' id='word_1_246' title='bbox 72 1218 161 1266; x_wconf 61' lang='grc' dir='ltr'><em>ἀγαθὸς</em></span> <span class='ocrx_word' id='word_1_247' title='bbox 169 1220 222 1268; x_wconf 76' lang='grc' dir='ltr'><em>εἶναι,</em></span> <span class='ocrx_word' id='word_1_248' title='bbox 232 1222 264 1256; x_wconf 63' lang='grc' dir='ltr'>ἐπὶ</span> <span class='ocrx_word' id='word_1_249' title='bbox 273 1224 337 1262; x_wconf 82' lang='grc' dir='ltr'><em>ποίαις</em></span> <span class='ocrx_word' id='word_1_250' title='bbox 346 1222 366 1258; x_wconf 79' lang='grc' dir='ltr'>δὲ</span> <span class='ocrx_word' id='word_1_251' title='bbox 374 1224 405 1256; x_wconf 82' lang='grc' dir='ltr'>καὶ</span> <span class='ocrx_word' id='word_1_252' title='bbox 414 1220 423 1256; x_wconf 83' lang='lat'>5</span> <span class='ocrx_word' id='word_1_253' title='bbox 433 1222 506 1260; x_wconf 76' lang='grc' dir='ltr'><em>δίκαιος</em></span> <span class='ocrx_word' id='word_1_254' title='bbox 514 1222 592 1262; x_wconf 69' lang='grc' dir='ltr'><em>δίκαιος,</em></span> <span class='ocrx_word' id='word_1_255' title='bbox 601 1231 651 1266; x_wconf 79' lang='lat' dir='ltr'>quae</span> <span class='ocrx_word' id='word_1_256' title='bbox 659 1224 757 1266; x_wconf 78' lang='lat' dir='ltr'>postrema</span> <span class='ocrx_word' id='word_1_257' title='bbox 764 1219 824 1256; x_wconf 76' lang='lat' dir='ltr'>verba</span> 
     </span>
     <span class='ocr_line' id='line_1_25' title="bbox 30 1264 826 1314; baseline 0.004 -14"><span class='ocrx_word' id='word_1_258' title='bbox 30 1264 57 1300; x_wconf 86' lang='lat' dir='ltr'>sie</span> <span class='ocrx_word' id='word_1_259' title='bbox 66 1265 156 1311; x_wconf 74' lang='lat' dir='ltr'>leguntur</span> <span class='ocrx_word' id='word_1_260' title='bbox 164 1264 184 1300; x_wconf 88' lang='lat' dir='ltr'>in</span> <span class='ocrx_word' id='word_1_261' title='bbox 193 1265 259 1301; x_wconf 86' lang='lat' dir='ltr'>codice</span> <span class='ocrx_word' id='word_1_262' title='bbox 267 1265 288 1301; x_wconf 92' lang='grc' dir='ltr'>Ο.</span> <span class='ocrx_word' id='word_1_263' title='bbox 295 1287 318 1292; x_wconf 89' lang='lat'>-</span> <span class='ocrx_word' id='word_1_264' title='bbox 326 1266 349 1302; x_wconf 92' lang='lat' dir='ltr'>V.</span> <span class='ocrx_word' id='word_1_265' title='bbox 358 1267 380 1301; x_wconf 84' lang='lat'>11</span> <span class='ocrx_word' id='word_1_266' title='bbox 389 1277 430 1312; x_wconf 87' lang='lat' dir='ltr'>sqq.</span> <span class='ocrx_word' id='word_1_267' title='bbox 442 1276 492 1312; x_wconf 81' lang='lat' dir='ltr'>quae</span> <span class='ocrx_word' id='word_1_268' title='bbox 503 1267 595 1311; x_wconf 79' lang='lat' dir='ltr'>leguntur</span> <span class='ocrx_word' id='word_1_269' title='bbox 606 1266 666 1301; x_wconf 83' lang='lat' dir='ltr'>verbe</span> <span class='ocrx_word' id='word_1_270' title='bbox 678 1265 740 1301; x_wconf 80' lang='lat' dir='ltr'>Petri:</span> <span class='ocrx_word' id='word_1_271' title='bbox 756 1269 787 1303; x_wconf 78' lang='lat' dir='ltr'>lue</span> <span class='ocrx_word' id='word_1_272' title='bbox 797 1266 826 1314; x_wconf 74' lang='grc' dir='ltr'><em>μη</em></span> 
     </span>
     <span class='ocr_line' id='line_1_26' title="bbox 30 1310 824 1361; baseline 0.001 -14"><span class='ocrx_word' id='word_1_273' title='bbox 30 1311 172 1359; x_wconf 70' lang='grc' dir='ltr'><em>ἐριστικώτερον</em></span> <span class='ocrx_word' id='word_1_274' title='bbox 182 1312 315 1361; x_wconf 69' lang='grc' dir='ltr'><em>διαλεγόμενος</em></span> <span class='ocrx_word' id='word_1_275' title='bbox 323 1313 403 1349; x_wconf 80' lang='grc' dir='ltr'><em>δαπανῶ</em></span> <span class='ocrx_word' id='word_1_276' title='bbox 411 1310 548 1358; x_wconf 79' lang='grc' dir='ltr'><em>τούςχρόνους,</em></span> <span class='ocrx_word' id='word_1_277' title='bbox 555 1312 640 1348; x_wconf 81' lang='grc' dir='ltr'><em>ἀπαιτῶν</em></span> <span class='ocrx_word' id='word_1_278' title='bbox 647 1312 723 1357; x_wconf 68' lang='grc' dir='ltr'><em>δικαίως</em></span> <span class='ocrx_word' id='word_1_279' title='bbox 729 1313 767 1348; x_wconf 80' lang='grc' dir='ltr'><em>τῶν</em></span> <span class='ocrx_word' id='word_1_280' title='bbox 774 1313 824 1358; x_wconf 68' lang='grc' dir='ltr'><em>ἐμῶν</em></span> 
     </span>
     <span class='ocr_line' id='line_1_27' title="bbox 29 1356 823 1405; baseline 0 -11"><span class='ocrx_word' id='word_1_281' title='bbox 29 1356 139 1405; x_wconf 79' lang='grc' dir='ltr'><em>προτάσεων</em></span> <span class='ocrx_word' id='word_1_282' title='bbox 151 1370 170 1394; x_wconf 68' lang='grc' dir='ltr'><em>σε</em></span> <span class='ocrx_word' id='word_1_283' title='bbox 184 1357 215 1398; x_wconf 79' lang='grc' dir='ltr'>τὰς</span> <span class='ocrx_word' id='word_1_284' title='bbox 226 1357 336 1405; x_wconf 71' lang='grc' dir='ltr'><em>ἀποκρίσεις</em></span> <span class='ocrx_word' id='word_1_285' title='bbox 347 1363 455 1402; x_wconf 74' lang='grc' dir='ltr'><em>ποιεῖσθαι,</em></span> <span class='ocrx_word' id='word_1_286' title='bbox 470 1358 494 1398; x_wconf 73' lang='grc' dir='ltr'>ιὶἰς</span> <span class='ocrx_word' id='word_1_287' title='bbox 509 1369 540 1393; x_wconf 89' lang='grc' dir='ltr'>σοι</span> <span class='ocrx_word' id='word_1_288' title='bbox 554 1359 608 1394; x_wconf 78' lang='grc' dir='ltr'><em>δοκεῖ</em></span> <span class='ocrx_word' id='word_1_289' title='bbox 619 1357 674 1397; x_wconf 81' lang='grc' dir='ltr'><em>αὐτὸς</em></span> <span class='ocrx_word' id='word_1_290' title='bbox 686 1358 713 1393; x_wconf 86' lang='grc' dir='ltr'>ιύν</span> <span class='ocrx_word' id='word_1_291' title='bbox 722 1358 823 1404; x_wconf 70' lang='grc' dir='ltr'><em>ἐπυθόμην</em></span> 
     </span>
     <span class='ocr_line' id='line_1_28' title="bbox 28 1402 824 1452; baseline 0 -14"><span class='ocrx_word' id='word_1_292' title='bbox 28 1402 134 1447; x_wconf 78' lang='grc' dir='ltr'><em>ποιήσομαι</em></span> <span class='ocrx_word' id='word_1_293' title='bbox 143 1402 175 1443; x_wconf 78' lang='grc' dir='ltr'>τὰς</span> <span class='ocrx_word' id='word_1_294' title='bbox 183 1402 299 1452; x_wconf 73' lang='grc' dir='ltr'><em>ἀποκρίσεις,</em></span> <span class='ocrx_word' id='word_1_295' title='bbox 306 1408 382 1438; x_wconf 77' lang='lat' dir='ltr'>tuntum</span> <span class='ocrx_word' id='word_1_296' title='bbox 390 1403 447 1438; x_wconf 77' lang='lat' dir='ltr'>abest</span> <span class='ocrx_word' id='word_1_297' title='bbox 455 1407 477 1438; x_wconf 86' lang='lat' dir='ltr'>ut</span> <span class='ocrx_word' id='word_1_298' title='bbox 485 1407 564 1449; x_wconf 75' lang='lat' dir='ltr'>recepte</span> <span class='ocrx_word' id='word_1_299' title='bbox 571 1402 669 1448; x_wconf 79' lang='lat' dir='ltr'>probabili</span> <span class='ocrx_word' id='word_1_300' title='bbox 676 1402 760 1439; x_wconf 86' lang='lat' dir='ltr'>lectione</span> <span class='ocrx_word' id='word_1_301' title='bbox 769 1403 824 1438; x_wconf 89' lang='lat' dir='ltr'>codi-</span> 
     </span>
     <span class='ocr_line' id='line_1_29' title="bbox 30 1447 825 1496; baseline -0.001 -12"><span class='ocrx_word' id='word_1_302' title='bbox 30 1448 56 1484; x_wconf 88' lang='lat' dir='ltr'>cis</span> <span class='ocrx_word' id='word_1_303' title='bbox 66 1447 81 1484; x_wconf 88' lang='lat' dir='ltr'>O</span> <span class='ocrx_word' id='word_1_304' title='bbox 92 1449 112 1483; x_wconf 88' lang='lat' dir='ltr'>in</span> <span class='ocrx_word' id='word_1_305' title='bbox 123 1448 209 1496; x_wconf 79' lang='lat' dir='ltr'>margine</span> <span class='ocrx_word' id='word_1_306' title='bbox 223 1451 330 1495; x_wconf 77' lang='lat' dir='ltr'>adscripta:</span> <span class='ocrx_word' id='word_1_307' title='bbox 342 1447 458 1495; x_wconf 75' lang='grc' dir='ltr'><em>προτάσεων,</em></span> <span class='ocrx_word' id='word_1_308' title='bbox 472 1452 550 1484; x_wconf 82' lang='lat' dir='ltr'>sanutus</span> <span class='ocrx_word' id='word_1_309' title='bbox 563 1449 598 1493; x_wconf 85' lang='lat' dir='ltr'>sit,</span> <span class='ocrx_word' id='word_1_310' title='bbox 610 1452 632 1484; x_wconf 87' lang='lat' dir='ltr'>ut</span> <span class='ocrx_word' id='word_1_311' title='bbox 640 1447 701 1484; x_wconf 87' lang='lat' dir='ltr'>tribus</span> <span class='ocrx_word' id='word_1_312' title='bbox 714 1447 825 1484; x_wconf 75' lang='lat' dir='ltr'>etiamnunc</span> 
     </span>
     <span class='ocr_line' id='line_1_30' title="bbox 29 1493 824 1541; baseline 0 -12"><span class='ocrx_word' id='word_1_313' title='bbox 29 1495 103 1529; x_wconf 84' lang='lat' dir='ltr'>mendis</span> <span class='ocrx_word' id='word_1_314' title='bbox 113 1494 195 1530; x_wconf 77' lang='lat' dir='ltr'>laboret.</span> <span class='ocrx_word' id='word_1_315' title='bbox 207 1494 236 1530; x_wconf 76' lang='lat' dir='ltr'>Ac</span> <span class='ocrx_word' id='word_1_316' title='bbox 245 1495 326 1541; x_wconf 86' lang='lat' dir='ltr'>primum</span> <span class='ocrx_word' id='word_1_317' title='bbox 335 1495 413 1541; x_wconf 87' lang='lat' dir='ltr'>quidem</span> <span class='ocrx_word' id='word_1_318' title='bbox 419 1505 454 1539; x_wconf 83' lang='lat' dir='ltr'>pro</span> <span class='ocrx_word' id='word_1_319' title='bbox 463 1496 540 1535; x_wconf 83' lang='grc' dir='ltr'><em>δικαίως</em></span> <span class='ocrx_word' id='word_1_320' title='bbox 548 1493 671 1530; x_wconf 88' lang='lat' dir='ltr'>scribendum</span> <span class='ocrx_word' id='word_1_321' title='bbox 680 1497 718 1530; x_wconf 88' lang='lat' dir='ltr'>est:</span> <span class='ocrx_word' id='word_1_322' title='bbox 728 1498 824 1537; x_wconf 77' lang='grc' dir='ltr'><em>οἰκείως,</em></span> 
     </span>
     <span class='ocr_line' id='line_1_31' title="bbox 29 1539 824 1587; baseline 0 -12"><span class='ocrx_word' id='word_1_323' title='bbox 29 1540 80 1586; x_wconf 83' lang='lat' dir='ltr'>quod</span> <span class='ocrx_word' id='word_1_324' title='bbox 93 1544 147 1576; x_wconf 79' lang='lat' dir='ltr'>arcte</span> <span class='ocrx_word' id='word_1_325' title='bbox 156 1542 307 1576; x_wconf 84' lang='lat' dir='ltr'>construendum</span> <span class='ocrx_word' id='word_1_326' title='bbox 320 1552 362 1576; x_wconf 90' lang='lat' dir='ltr'>cum</span> <span class='ocrx_word' id='word_1_327' title='bbox 374 1542 412 1577; x_wconf 76' lang='grc' dir='ltr'><em>τῶν</em></span> <span class='ocrx_word' id='word_1_328' title='bbox 420 1542 471 1586; x_wconf 68' lang='grc' dir='ltr'><em>ἐμῶν</em></span> <span class='ocrx_word' id='word_1_329' title='bbox 480 1539 600 1586; x_wconf 77' lang='grc' dir='ltr'><em>προτάσεων,</em></span> <span class='ocrx_word' id='word_1_330' title='bbox 614 1539 651 1575; x_wconf 89' lang='lat' dir='ltr'>hoc</span> <span class='ocrx_word' id='word_1_331' title='bbox 660 1551 719 1575; x_wconf 86' lang='lat' dir='ltr'>sensu</span> <span class='ocrx_word' id='word_1_332' title='bbox 728 1551 824 1587; x_wconf 77' lang='lat' dir='ltr'>„congru-</span> 
     </span>
     <span class='ocr_line' id='line_1_32' title="bbox 29 1583 823 1632; baseline 0 -12"><span class='ocrx_word' id='word_1_333' title='bbox 29 1590 82 1620; x_wconf 84' lang='lat' dir='ltr'>enter</span> <span class='ocrx_word' id='word_1_334' title='bbox 92 1596 134 1620; x_wconf 84' lang='lat' dir='ltr'>cunr</span> <span class='ocrx_word' id='word_1_335' title='bbox 144 1585 191 1621; x_wconf 89' lang='lat' dir='ltr'>meis</span> <span class='ocrx_word' id='word_1_336' title='bbox 199 1585 383 1632; x_wconf 81' lang='lat' dir='ltr'>propositionibus.“</span> <span class='ocrx_word' id='word_1_337' title='bbox 406 1583 500 1621; x_wconf 78' lang='lat' dir='ltr'>Aduerbii</span> <span class='ocrx_word' id='word_1_338' title='bbox 512 1589 584 1625; x_wconf 72' lang='grc' dir='ltr'><em>οἰκείως</em></span> <span class='ocrx_word' id='word_1_339' title='bbox 595 1585 701 1621; x_wconf 70' lang='lat' dir='ltr'>constructi</span> <span class='ocrx_word' id='word_1_340' title='bbox 713 1596 756 1620; x_wconf 90' lang='lat' dir='ltr'>eum</span> <span class='ocrx_word' id='word_1_341' title='bbox 769 1585 823 1631; x_wconf 87' lang='lat' dir='ltr'>geni-</span> 
     </span>
     <span class='ocr_line' id='line_1_33' title="bbox 28 1629 822 1678; baseline 0 -13"><span class='ocrx_word' id='word_1_342' title='bbox 28 1630 78 1676; x_wconf 89' lang='lat' dir='ltr'>tivo,</span> <span class='ocrx_word' id='word_1_343' title='bbox 95 1642 151 1677; x_wconf 81' lang='lat' dir='ltr'>quern</span> <span class='ocrx_word' id='word_1_344' title='bbox 169 1635 189 1666; x_wconf 85' lang='lat' dir='ltr'>et</span> <span class='ocrx_word' id='word_1_345' title='bbox 206 1631 324 1678; x_wconf 62' lang='lat' dir='ltr'>adjectivum</span> <span class='ocrx_word' id='word_1_346' title='bbox 344 1635 413 1673; x_wconf 75' lang='grc' dir='ltr'><em>οἰκεῖος</em></span> <span class='ocrx_word' id='word_1_347' title='bbox 428 1630 487 1677; x_wconf 73' lang='lat' dir='ltr'>regit,</span> <span class='ocrx_word' id='word_1_348' title='bbox 506 1630 593 1676; x_wconf 75' lang='lat' dir='ltr'>exempla</span> <span class='ocrx_word' id='word_1_349' title='bbox 611 1629 703 1666; x_wconf 81' lang='lat' dir='ltr'>nonnulla</span> <span class='ocrx_word' id='word_1_350' title='bbox 721 1630 822 1677; x_wconf 76' lang='lat' dir='ltr'>congessit</span> 
     </span>
     <span class='ocr_line' id='line_1_34' title="bbox 28 1675 823 1722; baseline 0 -11"><span class='ocrx_word' id='word_1_351' title='bbox 28 1675 50 1712; x_wconf 90' lang='lat' dir='ltr'>L.</span> <span class='ocrx_word' id='word_1_352' title='bbox 63 1675 174 1712; x_wconf 84' lang='lat' dir='ltr'>Dindorfius</span> <span class='ocrx_word' id='word_1_353' title='bbox 186 1676 279 1712; x_wconf 80' lang='lat' dir='ltr'>Tlresnur.</span> <span class='ocrx_word' id='word_1_354' title='bbox 292 1676 382 1722; x_wconf 78' lang='lat' dir='ltr'>Stephen.</span> <span class='ocrx_word' id='word_1_355' title='bbox 392 1677 421 1712; x_wconf 87' lang='lat' dir='ltr'>ed.</span> <span class='ocrx_word' id='word_1_356' title='bbox 433 1675 494 1711; x_wconf 76' lang='lat' dir='ltr'>Paris.</span> <span class='ocrx_word' id='word_1_357' title='bbox 503 1676 547 1712; x_wconf 83' lang='lat' dir='ltr'>Vol.</span> <span class='ocrx_word' id='word_1_358' title='bbox 556 1675 579 1720; x_wconf 85' lang='lat' dir='ltr'>V,</span> <span class='ocrx_word' id='word_1_359' title='bbox 588 1688 607 1721; x_wconf 86' lang='lat' dir='ltr'>p.</span> <span class='ocrx_word' id='word_1_360' title='bbox 616 1676 666 1712; x_wconf 75' lang='lat'>1177.</span> <span class='ocrx_word' id='word_1_361' title='bbox 687 1675 764 1711; x_wconf 85' lang='lat' dir='ltr'>Deinde</span> <span class='ocrx_word' id='word_1_362' title='bbox 777 1679 823 1721; x_wconf 87' lang='lat' dir='ltr'>post</span> 
     </span>
     <span class='ocr_line' id='line_1_35' title="bbox 29 1721 824 1769; baseline 0.001 -12"><span class='ocrx_word' id='word_1_363' title='bbox 29 1728 126 1759; x_wconf 75' lang='grc' dir='ltr'><em>ποιεῖσθαι</em></span> <span class='ocrx_word' id='word_1_364' title='bbox 137 1722 259 1758; x_wconf 80' lang='lat' dir='ltr'>intercidisse</span> <span class='ocrx_word' id='word_1_365' title='bbox 268 1722 389 1757; x_wconf 79' lang='lat' dir='ltr'>rideturtale</span> <span class='ocrx_word' id='word_1_366' title='bbox 399 1721 455 1769; x_wconf 74' lang='lat' dir='ltr'>quid,</span> <span class='ocrx_word' id='word_1_367' title='bbox 467 1722 523 1768; x_wconf 78' lang='lat' dir='ltr'>quale</span> <span class='ocrx_word' id='word_1_368' title='bbox 535 1726 573 1756; x_wconf 87' lang='lat' dir='ltr'>est:</span> <span class='ocrx_word' id='word_1_369' title='bbox 587 1725 624 1757; x_wconf 75' lang='grc' dir='ltr'>καὶ</span> <span class='ocrx_word' id='word_1_370' title='bbox 635 1721 674 1768; x_wconf 69' lang='grc' dir='ltr'>μὴ,</span> <span class='ocrx_word' id='word_1_371' title='bbox 687 1724 759 1767; x_wconf 83' lang='lat' dir='ltr'>etpost</span> <span class='ocrx_word' id='word_1_372' title='bbox 768 1723 824 1767; x_wconf 72' lang='grc' dir='ltr'><em>δοκεῖ</em></span> 
     </span>
     <span class='ocr_line' id='line_1_36' title="bbox 29 1766 822 1815; baseline 0.001 -13"><span class='ocrx_word' id='word_1_373' title='bbox 29 1767 104 1813; x_wconf 72' lang='lat' dir='ltr'>virgula</span> <span class='ocrx_word' id='word_1_374' title='bbox 116 1766 244 1803; x_wconf 85' lang='lat' dir='ltr'>incidendum.</span> <span class='ocrx_word' id='word_1_375' title='bbox 268 1767 358 1815; x_wconf 78' lang='lat' dir='ltr'>Denique</span> <span class='ocrx_word' id='word_1_376' title='bbox 369 1779 403 1813; x_wconf 87' lang='lat' dir='ltr'>pro</span> <span class='ocrx_word' id='word_1_377' title='bbox 417 1768 444 1804; x_wconf 79' lang='grc' dir='ltr'><em>ὠν</em></span> <span class='ocrx_word' id='word_1_378' title='bbox 454 1767 585 1813; x_wconf 85' lang='lat' dir='ltr'>reponendum</span> <span class='ocrx_word' id='word_1_379' title='bbox 598 1766 651 1802; x_wconf 82' lang='lat' dir='ltr'>dicas</span> <span class='ocrx_word' id='word_1_380' title='bbox 665 1772 706 1801; x_wconf 85' lang='lat' dir='ltr'>aut:</span> <span class='ocrx_word' id='word_1_381' title='bbox 720 1770 774 1815; x_wconf 86' lang='grc' dir='ltr'><em>περὶ</em></span> <span class='ocrx_word' id='word_1_382' title='bbox 789 1769 822 1811; x_wconf 83' lang='grc' dir='ltr'><em>ὠν,</em></span> 
     </span>
     <span class='ocr_line' id='line_1_37' title="bbox 29 1811 352 1858; baseline 0.003 -10"><span class='ocrx_word' id='word_1_383' title='bbox 29 1817 69 1858; x_wconf 76' lang='lat' dir='ltr'>eut,</span> <span class='ocrx_word' id='word_1_384' title='bbox 78 1813 129 1858; x_wconf 86' lang='lat' dir='ltr'>quod</span> <span class='ocrx_word' id='word_1_385' title='bbox 139 1812 267 1858; x_wconf 73' lang='lat' dir='ltr'>probabilius:</span> <span class='ocrx_word' id='word_1_386' title='bbox 281 1811 314 1853; x_wconf 65' lang='grc' dir='ltr'>ὡς,</span> <span class='ocrx_word' id='word_1_387' title='bbox 349 1852 352 1855; x_wconf 63' lang='grc'><strong>,</strong></span> 
     </span>
    </p>

    <p class='ocr_par' dir='ltr' id='par_1_5' title="bbox 29 1856 824 1997">
     <span class='ocr_line' id='line_1_38' title="bbox 73 1856 824 1905; baseline -0.003 -11"><span class='ocrx_word' id='word_1_388' title='bbox 73 1858 94 1894; x_wconf 90' lang='grc' dir='ltr'>Ρ,</span> <span class='ocrx_word' id='word_1_389' title='bbox 103 1858 142 1902; x_wconf 76' lang='grc'>351,</span> <span class='ocrx_word' id='word_1_390' title='bbox 152 1859 162 1893; x_wconf 88' lang='grc'>6</span> <span class='ocrx_word' id='word_1_391' title='bbox 172 1858 237 1894; x_wconf 83' lang='lat' dir='ltr'>nescio</span> <span class='ocrx_word' id='word_1_392' title='bbox 244 1870 269 1894; x_wconf 77' lang='lat' dir='ltr'>an</span> <span class='ocrx_word' id='word_1_393' title='bbox 277 1869 312 1904; x_wconf 86' lang='lat' dir='ltr'>pre</span> <span class='ocrx_word' id='word_1_394' title='bbox 321 1857 422 1905; x_wconf 74' lang='grc' dir='ltr'><em>διαφόροις</em></span> <span class='ocrx_word' id='word_1_395' title='bbox 431 1857 554 1893; x_wconf 86' lang='lat' dir='ltr'>scribendum</span> <span class='ocrx_word' id='word_1_396' title='bbox 563 1857 597 1892; x_wconf 82' lang='lat' dir='ltr'>sit:</span> <span class='ocrx_word' id='word_1_397' title='bbox 607 1856 714 1905; x_wconf 81' lang='grc' dir='ltr'><em>διαφόρω</em></span> <span class='ocrx_word' id='word_1_398' title='bbox 720 1872 734 1897; x_wconf 84' lang='grc' dir='ltr'>ς.</span> <span class='ocrx_word' id='word_1_399' title='bbox 742 1878 766 1883; x_wconf 88' lang='grc'>-</span> <span class='ocrx_word' id='word_1_400' title='bbox 772 1857 796 1894; x_wconf 89' lang='lat' dir='ltr'>V.</span> <span class='ocrx_word' id='word_1_401' title='bbox 802 1857 824 1892; x_wconf 82' lang='grc'>18</span> 
     </span>
     <span class='ocr_line' id='line_1_39' title="bbox 31 1903 824 1950; baseline 0 -12"><span class='ocrx_word' id='word_1_402' title='bbox 31 1904 154 1940; x_wconf 88' lang='lat' dir='ltr'>scribendum</span> <span class='ocrx_word' id='word_1_403' title='bbox 168 1904 238 1950; x_wconf 78' lang='lat' dir='ltr'>aliquis</span> <span class='ocrx_word' id='word_1_404' title='bbox 251 1904 313 1938; x_wconf 80' lang='lat' dir='ltr'>dicet:</span> <span class='ocrx_word' id='word_1_405' title='bbox 328 1904 358 1940; x_wconf 82' lang='grc' dir='ltr'><em>ὅτι</em></span> <span class='ocrx_word' id='word_1_406' title='bbox 372 1905 404 1950; x_wconf 74' lang='grc' dir='ltr'>τῷ</span> <span class='ocrx_word' id='word_1_407' title='bbox 414 1904 474 1949; x_wconf 76' lang='grc' dir='ltr'><em>αὐτῷ</em></span> <span class='ocrx_word' id='word_1_408' title='bbox 488 1906 554 1940; x_wconf 79' lang='grc' dir='ltr'><em>ἔστιν</em></span> <span class='ocrx_word' id='word_1_409' title='bbox 568 1903 636 1948; x_wconf 66' lang='grc' dir='ltr'><em>ἀγαθῷ</em></span> <span class='ocrx_word' id='word_1_410' title='bbox 648 1905 694 1939; x_wconf 76' lang='grc' dir='ltr'><em>εἶναι</em></span> <span class='ocrx_word' id='word_1_411' title='bbox 708 1906 738 1938; x_wconf 84' lang='grc' dir='ltr'>καὶ</span> <span class='ocrx_word' id='word_1_412' title='bbox 752 1904 824 1949; x_wconf 85' lang='grc' dir='ltr'><em>δικαίῳ.</em></span> 
     </span>
     <span class='ocr_line' id='line_1_40' title="bbox 29 1948 652 1997; baseline -0.002 -12"><span class='ocrx_word' id='word_1_413' title='bbox 29 1950 104 1985; x_wconf 85' lang='lat' dir='ltr'>Eadem</span> <span class='ocrx_word' id='word_1_414' title='bbox 111 1949 187 1984; x_wconf 82' lang='lat' dir='ltr'>ratione</span> <span class='ocrx_word' id='word_1_415' title='bbox 196 1960 265 1985; x_wconf 78' lang='lat' dir='ltr'>sanare</span> <span class='ocrx_word' id='word_1_416' title='bbox 274 1948 321 1984; x_wconf 85' lang='lat' dir='ltr'>lieet</span> <span class='ocrx_word' id='word_1_417' title='bbox 329 1949 398 1994; x_wconf 87' lang='lat' dir='ltr'>locum,</span> <span class='ocrx_word' id='word_1_418' title='bbox 408 1949 441 1996; x_wconf 91' lang='lat' dir='ltr'>qui</span> <span class='ocrx_word' id='word_1_419' title='bbox 448 1948 520 1997; x_wconf 81' lang='lat' dir='ltr'>legitur</span> <span class='ocrx_word' id='word_1_420' title='bbox 528 1961 547 1995; x_wconf 81' lang='lat' dir='ltr'>p.</span> <span class='ocrx_word' id='word_1_421' title='bbox 555 1948 595 1993; x_wconf 81' lang='lat'>355,</span> <span class='ocrx_word' id='word_1_422' title='bbox 604 1949 615 1984; x_wconf 86' lang='lat'><em>8</em></span> <span class='ocrx_word' id='word_1_423' title='bbox 624 1960 652 1995; x_wconf 87' lang='lat' dir='ltr'>sq.</span> 
     </span>
    </p>

    <p class='ocr_par' dir='ltr' id='par_1_6' title="bbox 30 1993 824 2224">
     <span class='ocr_line' id='line_1_41' title="bbox 75 1993 824 2040; baseline -0.001 -10"><span class='ocrx_word' id='word_1_424' title='bbox 75 1995 96 2030; x_wconf 90' lang='lat' dir='ltr'>P.</span> <span class='ocrx_word' id='word_1_425' title='bbox 105 1995 144 2039; x_wconf 87' lang='lat'>355,</span> <span class='ocrx_word' id='word_1_426' title='bbox 153 1994 164 2028; x_wconf 89' lang='lat'>5</span> <span class='ocrx_word' id='word_1_427' title='bbox 173 2006 210 2030; x_wconf 88' lang='lat' dir='ltr'>non</span> <span class='ocrx_word' id='word_1_428' title='bbox 219 1994 280 2039; x_wconf 82' lang='lat' dir='ltr'>rideo,</span> <span class='ocrx_word' id='word_1_429' title='bbox 290 2006 323 2030; x_wconf 88' lang='lat' dir='ltr'>cnr</span> <span class='ocrx_word' id='word_1_430' title='bbox 331 1994 442 2030; x_wconf 87' lang='lat' dir='ltr'>Dresselius</span> <span class='ocrx_word' id='word_1_431' title='bbox 451 2006 490 2029; x_wconf 90' lang='lat' dir='ltr'>non</span> <span class='ocrx_word' id='word_1_432' title='bbox 499 1994 557 2030; x_wconf 77' lang='lat' dir='ltr'>etiem</span> <span class='ocrx_word' id='word_1_433' title='bbox 566 1994 615 2040; x_wconf 80' lang='grc' dir='ltr'><em>τήρει</em></span> <span class='ocrx_word' id='word_1_434' title='bbox 623 1993 718 2039; x_wconf 81' lang='lat' dir='ltr'>receperit</span> <span class='ocrx_word' id='word_1_435' title='bbox 725 2004 748 2028; x_wconf 84' lang='lat' dir='ltr'>ex</span> <span class='ocrx_word' id='word_1_436' title='bbox 757 1993 824 2029; x_wconf 88' lang='lat' dir='ltr'>codiee</span> 
     </span>
     <span class='ocr_line' id='line_1_42' title="bbox 31 2037 824 2088; baseline -0.001 -13"><span class='ocrx_word' id='word_1_437' title='bbox 31 2039 52 2084; x_wconf 86' lang='lat' dir='ltr'>O,</span> <span class='ocrx_word' id='word_1_438' title='bbox 62 2041 133 2087; x_wconf 86' lang='lat' dir='ltr'>quippe</span> <span class='ocrx_word' id='word_1_439' title='bbox 143 2041 194 2084; x_wconf 85' lang='lat' dir='ltr'>quod</span> <span class='ocrx_word' id='word_1_440' title='bbox 205 2051 266 2088; x_wconf 84' lang='lat' dir='ltr'>aeque</span> <span class='ocrx_word' id='word_1_441' title='bbox 278 2043 337 2087; x_wconf 81' lang='lat' dir='ltr'>&#39;etque</span> <span class='ocrx_word' id='word_1_442' title='bbox 346 2044 372 2081; x_wconf 79' lang='grc' dir='ltr'>εἰς</span> <span class='ocrx_word' id='word_1_443' title='bbox 380 2040 488 2087; x_wconf 80' lang='lat' dir='ltr'>reperiatur</span> <span class='ocrx_word' id='word_1_444' title='bbox 496 2040 539 2076; x_wconf 89' lang='lat' dir='ltr'>leco</span> <span class='ocrx_word' id='word_1_445' title='bbox 548 2050 615 2075; x_wconf 79' lang='lat' dir='ltr'>sacrae</span> <span class='ocrx_word' id='word_1_446' title='bbox 625 2037 742 2085; x_wconf 81' lang='lat' dir='ltr'>Scripturee,</span> <span class='ocrx_word' id='word_1_447' title='bbox 751 2039 785 2084; x_wconf 89' lang='lat' dir='ltr'>qui</span> <span class='ocrx_word' id='word_1_448' title='bbox 793 2044 824 2074; x_wconf 83' lang='lat' dir='ltr'>est</span> 
     </span>
     <span class='ocr_line' id='line_1_43' title="bbox 30 2082 824 2130; baseline -0.001 -9"><span class='ocrx_word' id='word_1_449' title='bbox 30 2086 100 2122; x_wconf 80' lang='lat' dir='ltr'>Mettlr.</span> <span class='ocrx_word' id='word_1_450' title='bbox 108 2085 163 2130; x_wconf 86' lang='lat' dir='ltr'>XIX,</span> <span class='ocrx_word' id='word_1_451' title='bbox 172 2086 199 2121; x_wconf 78' lang='lat'>17.</span> <span class='ocrx_word' id='word_1_452' title='bbox 213 2106 236 2120; x_wconf 73' lang='grc'>,-</span> <span class='ocrx_word' id='word_1_453' title='bbox 249 2086 273 2121; x_wconf 89' lang='lat' dir='ltr'>V.</span> <span class='ocrx_word' id='word_1_454' title='bbox 282 2087 304 2121; x_wconf 88' lang='grc'>10</span> <span class='ocrx_word' id='word_1_455' title='bbox 316 2089 351 2121; x_wconf 83' lang='lat' dir='ltr'>aut</span> <span class='ocrx_word' id='word_1_456' title='bbox 364 2086 449 2121; x_wconf 83' lang='lat' dir='ltr'>delenda</span> <span class='ocrx_word' id='word_1_457' title='bbox 456 2086 525 2121; x_wconf 81' lang='lat' dir='ltr'>vocula</span> <span class='ocrx_word' id='word_1_458' title='bbox 533 2087 568 2122; x_wconf 81' lang='grc' dir='ltr'>νῦν</span> <span class='ocrx_word' id='word_1_459' title='bbox 576 2087 610 2120; x_wconf 80' lang='lat' dir='ltr'>eut</span> <span class='ocrx_word' id='word_1_460' title='bbox 618 2084 710 2119; x_wconf 79' lang='lat' dir='ltr'>mutanda</span> <span class='ocrx_word' id='word_1_461' title='bbox 717 2082 746 2117; x_wconf 88' lang='lat' dir='ltr'>in:</span> <span class='ocrx_word' id='word_1_462' title='bbox 758 2082 793 2120; x_wconf 74' lang='grc' dir='ltr'>ὢν,</span> <span class='ocrx_word' id='word_1_463' title='bbox 800 2104 824 2109; x_wconf 84' lang='grc'><strong>-</strong></span> 
     </span>
     <span class='ocr_line' id='line_1_44' title="bbox 30 2127 824 2177; baseline -0.005 -10"><span class='ocrx_word' id='word_1_464' title='bbox 30 2132 135 2167; x_wconf 76' lang='lat' dir='ltr'>Praeterea</span> <span class='ocrx_word' id='word_1_465' title='bbox 142 2132 194 2166; x_wconf 76' lang='lat' dir='ltr'>baud</span> <span class='ocrx_word' id='word_1_466' title='bbox 203 2131 243 2167; x_wconf 88' lang='lat' dir='ltr'>scio</span> <span class='ocrx_word' id='word_1_467' title='bbox 252 2144 276 2167; x_wconf 83' lang='lat' dir='ltr'>an</span> <span class='ocrx_word' id='word_1_468' title='bbox 289 2131 361 2167; x_wconf 80' lang='lat' dir='ltr'>codicis</span> <span class='ocrx_word' id='word_1_469' title='bbox 375 2130 391 2166; x_wconf 91' lang='grc' dir='ltr'><strong>Ο</strong></span> <span class='ocrx_word' id='word_1_470' title='bbox 404 2132 519 2175; x_wconf 82' lang='lat' dir='ltr'>scripturae:</span> <span class='ocrx_word' id='word_1_471' title='bbox 535 2128 685 2177; x_wconf 66' lang='grc' dir='ltr'><em>ὑποδεχόμενος,</em></span> <span class='ocrx_word' id='word_1_472' title='bbox 696 2127 824 2174; x_wconf 76' lang='lat' dir='ltr'>praeferende</span> 
     </span>
     <span class='ocr_line' id='line_1_45' title="bbox 30 2174 801 2224; baseline -0.003 -12"><span class='ocrx_word' id='word_1_473' title='bbox 30 2177 90 2213; x_wconf 85' lang='lat' dir='ltr'>fuerit</span> <span class='ocrx_word' id='word_1_474' title='bbox 99 2177 171 2213; x_wconf 86' lang='lat' dir='ltr'>codicis</span> <span class='ocrx_word' id='word_1_475' title='bbox 181 2175 195 2212; x_wconf 77' lang='lat' dir='ltr'>G</span> <span class='ocrx_word' id='word_1_476' title='bbox 204 2177 271 2212; x_wconf 80' lang='lat' dir='ltr'>lectio:</span> <span class='ocrx_word' id='word_1_477' title='bbox 281 2176 428 2224; x_wconf 78' lang='grc' dir='ltr'><em>ἀποδεχόμενος.</em></span> <span class='ocrx_word' id='word_1_478' title='bbox 442 2176 482 2212; x_wconf 75' lang='lat' dir='ltr'>en.</span> <span class='ocrx_word' id='word_1_479' title='bbox 490 2187 508 2222; x_wconf 92' lang='lat' dir='ltr'>p.</span> <span class='ocrx_word' id='word_1_480' title='bbox 517 2175 556 2220; x_wconf 72' lang='lat'>369,</span> <span class='ocrx_word' id='word_1_481' title='bbox 564 2174 587 2209; x_wconf 76' lang='lat'>14</span> <span class='ocrx_word' id='word_1_482' title='bbox 596 2186 630 2220; x_wconf 74' lang='lat' dir='ltr'>sq,</span> <span class='ocrx_word' id='word_1_483' title='bbox 638 2174 678 2217; x_wconf 73' lang='lat'>370,</span> <span class='ocrx_word' id='word_1_484' title='bbox 687 2175 698 2207; x_wconf 90' lang='lat'>5</span> <span class='ocrx_word' id='word_1_485' title='bbox 707 2185 735 2220; x_wconf 84' lang='lat' dir='ltr'>sq.</span> <span class='ocrx_word' id='word_1_486' title='bbox 744 2176 764 2209; x_wconf 89' lang='lat' dir='ltr'>et</span> <span class='ocrx_word' id='word_1_487' title='bbox 772 2174 801 2210; x_wconf 89' lang='grc'>15.</span> 
     </span>
    </p>

    <p class='ocr_par' dir='ltr' id='par_1_7' title="bbox 31 2218 824 2441">
     <span class='ocr_line' id='line_1_46' title="bbox 75 2218 824 2269; baseline -0.003 -12"><span class='ocrx_word' id='word_1_488' title='bbox 75 2223 96 2258; x_wconf 88' lang='lat' dir='ltr'>P.</span> <span class='ocrx_word' id='word_1_489' title='bbox 105 2223 164 2265; x_wconf 66' lang='grc'>3533</span> <span class='ocrx_word' id='word_1_490' title='bbox 179 2226 223 2267; x_wconf 83' lang='lat' dir='ltr'>post</span> <span class='ocrx_word' id='word_1_491' title='bbox 237 2222 357 2269; x_wconf 71' lang='grc' dir='ltr'><em>ἀποκάλυψις</em></span> <span class='ocrx_word' id='word_1_492' title='bbox 369 2221 491 2258; x_wconf 87' lang='lat' dir='ltr'>inserendum</span> <span class='ocrx_word' id='word_1_493' title='bbox 503 2221 587 2255; x_wconf 83' lang='lat' dir='ltr'>ridetur:</span> <span class='ocrx_word' id='word_1_494' title='bbox 600 2222 626 2257; x_wconf 85' lang='grc' dir='ltr'>δέ.</span> <span class='ocrx_word' id='word_1_495' title='bbox 640 2240 664 2245; x_wconf 81' lang='grc'>-</span> <span class='ocrx_word' id='word_1_496' title='bbox 679 2218 824 2265; x_wconf 67' lang='lat' dir='ltr'>rescriptum</span> 
     </span>
     <span class='ocr_line' id='line_1_47' title="bbox 31 2265 823 2313; baseline -0.004 -10"><span class='ocrx_word' id='word_1_497' title='bbox 31 2268 101 2304; x_wconf 82' lang='lat' dir='ltr'>fnisse:</span> <span class='ocrx_word' id='word_1_498' title='bbox 111 2272 223 2309; x_wconf 76' lang='grc' dir='ltr'><em>συνιέντι,</em></span> <span class='ocrx_word' id='word_1_499' title='bbox 235 2267 293 2303; x_wconf 79' lang='lat' dir='ltr'>facile</span> <span class='ocrx_word' id='word_1_500' title='bbox 303 2268 378 2311; x_wconf 81' lang='lat' dir='ltr'>credat,</span> <span class='ocrx_word' id='word_1_501' title='bbox 388 2268 421 2313; x_wconf 90' lang='lat' dir='ltr'>qui</span> <span class='ocrx_word' id='word_1_502' title='bbox 429 2266 494 2313; x_wconf 85' lang='lat' dir='ltr'>paullo</span> <span class='ocrx_word' id='word_1_503' title='bbox 502 2269 548 2311; x_wconf 87' lang='lat' dir='ltr'>post</span> <span class='ocrx_word' id='word_1_504' title='bbox 556 2269 638 2302; x_wconf 82' lang='grc' dir='ltr'><em>συνίεντι</em></span> <span class='ocrx_word' id='word_1_505' title='bbox 647 2265 689 2312; x_wconf 79' lang='lat' dir='ltr'>legi</span> <span class='ocrx_word' id='word_1_506' title='bbox 697 2268 755 2311; x_wconf 82' lang='lat' dir='ltr'>etque</span> <span class='ocrx_word' id='word_1_507' title='bbox 765 2265 823 2300; x_wconf 84' lang='lat' dir='ltr'>etiem</span> 
     </span>
     <span class='ocr_line' id='line_1_48' title="bbox 31 2310 823 2359; baseline -0.009 -8"><span class='ocrx_word' id='word_1_508' title='bbox 31 2326 48 2359; x_wconf 85' lang='lat' dir='ltr'>p.</span> <span class='ocrx_word' id='word_1_509' title='bbox 56 2315 97 2358; x_wconf 72' lang='lat'>355,</span> <span class='ocrx_word' id='word_1_510' title='bbox 106 2315 123 2359; x_wconf 89' lang='lat'>5,</span> <span class='ocrx_word' id='word_1_511' title='bbox 132 2315 149 2357; x_wconf 72' lang='lat'>5,</span> <span class='ocrx_word' id='word_1_512' title='bbox 159 2314 186 2357; x_wconf 78' lang='lat'>1‘2,</span> <span class='ocrx_word' id='word_1_513' title='bbox 194 2325 212 2359; x_wconf 89' lang='lat' dir='ltr'>p.</span> <span class='ocrx_word' id='word_1_514' title='bbox 221 2313 261 2356; x_wconf 77' lang='lat'>360,</span> <span class='ocrx_word' id='word_1_515' title='bbox 270 2313 281 2348; x_wconf 85' lang='lat'><strong>3</strong></span> <span class='ocrx_word' id='word_1_516' title='bbox 294 2312 391 2357; x_wconf 82' lang='lat' dir='ltr'>praesenti</span> <span class='ocrx_word' id='word_1_517' title='bbox 405 2313 433 2348; x_wconf 89' lang='lat' dir='ltr'>uti</span> <span class='ocrx_word' id='word_1_518' title='bbox 445 2313 497 2347; x_wconf 85' lang='lat' dir='ltr'>hune</span> <span class='ocrx_word' id='word_1_519' title='bbox 506 2311 619 2357; x_wconf 81' lang='lat' dir='ltr'>scriptorem</span> <span class='ocrx_word' id='word_1_520' title='bbox 631 2310 791 2346; x_wconf 75' lang='lat' dir='ltr'>animadverterit.</span> <span class='ocrx_word' id='word_1_521' title='bbox 799 2331 823 2336; x_wconf 77' lang='lat'><em>-</em></span> 
     </span>
     <span class='ocr_line' id='line_1_49' title="bbox 31 2354 824 2441; baseline -0.005 -45"><span class='ocrx_word' id='word_1_522' title='bbox 31 2359 54 2441; x_wconf 48' lang='grc' dir='ltr'>ξι.</span> <span class='ocrx_word' id='word_1_523' title='bbox 62 2361 73 2396; x_wconf 84' lang='grc'><strong>8</strong></span> <span class='ocrx_word' id='word_1_524' title='bbox 81 2358 257 2440; x_wconf 52' lang='lat' dir='ltr'>recqptnnqullem</span> <span class='ocrx_word' id='word_1_525' title='bbox 266 2357 339 2395; x_wconf 87' lang='lat' dir='ltr'>codicis</span> <span class='ocrx_word' id='word_1_526' title='bbox 348 2357 364 2394; x_wconf 89' lang='lat' dir='ltr'>O</span> <span class='ocrx_word' id='word_1_527' title='bbox 374 2359 497 2405; x_wconf 80' lang='lat' dir='ltr'>scripturum:</span> <span class='ocrx_word' id='word_1_528' title='bbox 509 2356 567 2406; x_wconf 75' lang='grc' dir='ltr'><em>ᾕδεις,</em></span> <span class='ocrx_word' id='word_1_529' title='bbox 579 2368 617 2403; x_wconf 85' lang='lat' dir='ltr'>qun</span> <span class='ocrx_word' id='word_1_530' title='bbox 626 2357 650 2392; x_wconf 87' lang='lat' dir='ltr'>de</span> <span class='ocrx_word' id='word_1_531' title='bbox 660 2355 694 2392; x_wconf 89' lang='lat' dir='ltr'>cfr.</span> <span class='ocrx_word' id='word_1_532' title='bbox 701 2354 789 2392; x_wconf 85' lang='lat' dir='ltr'>Lobeck.</span> <span class='ocrx_word' id='word_1_533' title='bbox 798 2357 824 2392; x_wconf 84' lang='lat' dir='ltr'>ad</span> 
     </span>
    </p>

    <p class='ocr_par' dir='ltr' id='par_1_8' title="bbox 53 2418 210 2443">
     <span class='ocr_line' id='line_1_50' title="bbox 53 2418 210 2443; baseline -0.013 -2"><span class='ocrx_word' id='word_1_534' title='bbox 53 2418 135 2443; x_wconf 81' lang='lat' dir='ltr'>rrrnrcr.</span> <span class='ocrx_word' id='word_1_535' title='bbox 159 2433 162 2439; x_wconf 93' lang='lat'>.</span> <span class='ocrx_word' id='word_1_536' title='bbox 207 2432 210 2439; x_wconf 87' lang='lat'>.</span> 
     </span>
    </p>

    <p class='ocr_par' dir='ltr' id='par_1_9' title="bbox 31 2418 825 2680">
     <span class='ocr_line' id='line_1_51' title="bbox 71 2418 825 2496; baseline -0.007 -8"><span class='ocrx_word' id='word_1_537' title='bbox 71 2443 99 2488; x_wconf 59' lang='lat' dir='ltr'>„R</span> <span class='ocrx_word' id='word_1_538' title='bbox 107 2418 177 2496; x_wconf 72' lang='lat' dir='ltr'>359,pll</span> <span class='ocrx_word' id='word_1_539' title='bbox 186 2449 243 2486; x_wconf 78' lang='lat' dir='ltr'>facile</span> <span class='ocrx_word' id='word_1_540' title='bbox 252 2448 321 2496; x_wconf 82' lang='lat' dir='ltr'>aliquis</span> <span class='ocrx_word' id='word_1_541' title='bbox 330 2460 353 2485; x_wconf 90' lang='lat' dir='ltr'>eo</span> <span class='ocrx_word' id='word_1_542' title='bbox 362 2449 448 2493; x_wconf 85' lang='lat' dir='ltr'>inclinet,</span> <span class='ocrx_word' id='word_1_543' title='bbox 457 2452 479 2484; x_wconf 80' lang='lat' dir='ltr'>ut</span> <span class='ocrx_word' id='word_1_544' title='bbox 488 2447 554 2483; x_wconf 73' lang='lat' dir='ltr'>crerint</span> <span class='ocrx_word' id='word_1_545' title='bbox 562 2448 666 2495; x_wconf 82' lang='lat' dir='ltr'>legendum</span> <span class='ocrx_word' id='word_1_546' title='bbox 675 2458 727 2483; x_wconf 86' lang='lat' dir='ltr'>esse:</span> <span class='ocrx_word' id='word_1_547' title='bbox 735 2446 825 2483; x_wconf 80' lang='grc' dir='ltr'><em>ἀποκα-</em></span> 
     </span>
     <span class='ocr_line' id='line_1_52' title="bbox 32 2492 824 2540; baseline -0.008 -7"><span class='ocrx_word' id='word_1_548' title='bbox 32 2497 132 2535; x_wconf 72' lang='grc' dir='ltr'><em>λύπτειν</em></span> <span class='ocrx_word' id='word_1_549' title='bbox 141 2496 171 2531; x_wconf 86' lang='lat' dir='ltr'>vel</span> <span class='ocrx_word' id='word_1_550' title='bbox 179 2494 335 2540; x_wconf 69' lang='grc' dir='ltr'><em>ἀποκαλύψαι,</em></span> <span class='ocrx_word' id='word_1_551' title='bbox 344 2494 444 2530; x_wconf 83' lang='lat' dir='ltr'>conferens</span> <span class='ocrx_word' id='word_1_552' title='bbox 453 2506 471 2539; x_wconf 89' lang='lat' dir='ltr'>p.</span> <span class='ocrx_word' id='word_1_553' title='bbox 480 2494 520 2536; x_wconf 81' lang='grc'>336,</span> <span class='ocrx_word' id='word_1_554' title='bbox 527 2493 538 2528; x_wconf 83' lang='grc'>3</span> <span class='ocrx_word' id='word_1_555' title='bbox 545 2504 578 2538; x_wconf 81' lang='lat' dir='ltr'>sq,</span> <span class='ocrx_word' id='word_1_556' title='bbox 587 2494 628 2536; x_wconf 81' lang='lat'>355,</span> <span class='ocrx_word' id='word_1_557' title='bbox 637 2493 659 2528; x_wconf 87' lang='grc'>16</span> <span class='ocrx_word' id='word_1_558' title='bbox 669 2505 696 2539; x_wconf 89' lang='lat' dir='ltr'>sq.</span> <span class='ocrx_word' id='word_1_559' title='bbox 705 2495 725 2528; x_wconf 90' lang='lat' dir='ltr'>et</span> <span class='ocrx_word' id='word_1_560' title='bbox 731 2492 824 2538; x_wconf 87' lang='lat' dir='ltr'>imprimis</span> 
     </span>
     <span class='ocr_line' id='line_1_53' title="bbox 31 2537 824 2589; baseline -0.009 -9"><span class='ocrx_word' id='word_1_561' title='bbox 31 2556 49 2589; x_wconf 86' lang='lat' dir='ltr'>p.</span> <span class='ocrx_word' id='word_1_562' title='bbox 57 2544 97 2588; x_wconf 76' lang='lat'>363,</span> <span class='ocrx_word' id='word_1_563' title='bbox 105 2543 122 2587; x_wconf 86' lang='lat'>5,</span> <span class='ocrx_word' id='word_1_564' title='bbox 136 2542 170 2577; x_wconf 91' lang='lat' dir='ltr'>ubi</span> <span class='ocrx_word' id='word_1_565' title='bbox 184 2541 305 2586; x_wconf 81' lang='grc' dir='ltr'><em>ἀποκαλύψαι</em></span> <span class='ocrx_word' id='word_1_566' title='bbox 319 2540 339 2576; x_wconf 89' lang='lat' dir='ltr'>in</span> <span class='ocrx_word' id='word_1_567' title='bbox 351 2540 418 2575; x_wconf 89' lang='lat' dir='ltr'>codiee</span> <span class='ocrx_word' id='word_1_568' title='bbox 431 2538 446 2574; x_wconf 79' lang='grc' dir='ltr'>Ο</span> <span class='ocrx_word' id='word_1_569' title='bbox 459 2538 535 2574; x_wconf 82' lang='lat' dir='ltr'>trnnsiit</span> <span class='ocrx_word' id='word_1_570' title='bbox 549 2539 570 2573; x_wconf 89' lang='lat' dir='ltr'>in</span> <span class='ocrx_word' id='word_1_571' title='bbox 584 2537 710 2582; x_wconf 75' lang='grc' dir='ltr'><em>ἀποκαλύψει,</em></span> <span class='ocrx_word' id='word_1_572' title='bbox 723 2541 743 2573; x_wconf 88' lang='lat' dir='ltr'>et</span> <span class='ocrx_word' id='word_1_573' title='bbox 756 2549 774 2583; x_wconf 86' lang='lat' dir='ltr'>p.</span> <span class='ocrx_word' id='word_1_574' title='bbox 783 2537 824 2584; x_wconf 77' lang='lat'>363,</span> 
     </span>
     <span class='ocr_line' id='line_1_54' title="bbox 32 2583 825 2635; baseline -0.004 -12"><span class='ocrx_word' id='word_1_575' title='bbox 32 2591 54 2626; x_wconf 86' lang='lat'>13</span> <span class='ocrx_word' id='word_1_576' title='bbox 62 2600 91 2635; x_wconf 89' lang='lat' dir='ltr'>sq.</span> <span class='ocrx_word' id='word_1_577' title='bbox 114 2586 211 2624; x_wconf 84' lang='lat' dir='ltr'>Infinitive</span> <span class='ocrx_word' id='word_1_578' title='bbox 220 2586 332 2633; x_wconf 72' lang='lat' dir='ltr'>praesentis,</span> <span class='ocrx_word' id='word_1_579' title='bbox 341 2585 373 2633; x_wconf 92' lang='lat' dir='ltr'>qni</span> <span class='ocrx_word' id='word_1_580' title='bbox 381 2585 459 2632; x_wconf 88' lang='lat' dir='ltr'>propius</span> <span class='ocrx_word' id='word_1_581' title='bbox 466 2583 543 2620; x_wconf 78' lang='lat' dir='ltr'>accedit</span> <span class='ocrx_word' id='word_1_582' title='bbox 550 2584 574 2620; x_wconf 83' lang='lat' dir='ltr'>nd</span> <span class='ocrx_word' id='word_1_583' title='bbox 581 2584 680 2620; x_wconf 80' lang='lat' dir='ltr'>literarum</span> <span class='ocrx_word' id='word_1_584' title='bbox 687 2587 768 2629; x_wconf 75' lang='lat' dir='ltr'>nectus,</span> <span class='ocrx_word' id='word_1_585' title='bbox 777 2595 825 2620; x_wconf 89' lang='lat' dir='ltr'>usus</span> 
     </span>
     <span class='ocr_line' id='line_1_55' title="bbox 33 2631 716 2680; baseline -0.013 -9"><span class='ocrx_word' id='word_1_586' title='bbox 33 2640 62 2671; x_wconf 90' lang='lat' dir='ltr'>est</span> <span class='ocrx_word' id='word_1_587' title='bbox 70 2635 102 2671; x_wconf 86' lang='lat' dir='ltr'>hic</span> <span class='ocrx_word' id='word_1_588' title='bbox 111 2633 193 2680; x_wconf 87' lang='lat' dir='ltr'>scriptor</span> <span class='ocrx_word' id='word_1_589' title='bbox 200 2643 218 2678; x_wconf 90' lang='lat' dir='ltr'>p.</span> <span class='ocrx_word' id='word_1_590' title='bbox 226 2632 266 2676; x_wconf 80' lang='grc'>360,</span> <span class='ocrx_word' id='word_1_591' title='bbox 276 2634 292 2677; x_wconf 84' lang='lat'>1,</span> <span class='ocrx_word' id='word_1_592' title='bbox 300 2631 340 2676; x_wconf 80' lang='grc'>363,</span> <span class='ocrx_word' id='word_1_593' title='bbox 348 2632 360 2667; x_wconf 86' lang='grc'>3</span> <span class='ocrx_word' id='word_1_594' title='bbox 368 2643 396 2678; x_wconf 94' lang='lat' dir='ltr'>sq.</span> <span class='ocrx_word' id='word_1_595' title='bbox 714 2660 716 2665; x_wconf 72' lang='grc'>,</span> 
     </span>
    </p>

    <p class='ocr_par' dir='ltr' id='par_1_10' title="bbox 33 2674 828 2862">
     <span class='ocr_line' id='line_1_56' title="bbox 78 2674 828 2725; baseline -0.007 -8"><span class='ocrx_word' id='word_1_596' title='bbox 78 2681 99 2717; x_wconf 90' lang='grc' dir='ltr'>Ρ.</span> <span class='ocrx_word' id='word_1_597' title='bbox 107 2680 147 2723; x_wconf 81' lang='grc'>360,</span> <span class='ocrx_word' id='word_1_598' title='bbox 156 2680 167 2715; x_wconf 89' lang='grc'>6</span> <span class='ocrx_word' id='word_1_599' title='bbox 175 2689 217 2725; x_wconf 89' lang='lat' dir='ltr'>sqq.</span> <span class='ocrx_word' id='word_1_600' title='bbox 229 2678 278 2715; x_wconf 78' lang='lat' dir='ltr'>haec</span> <span class='ocrx_word' id='word_1_601' title='bbox 289 2676 341 2714; x_wconf 79' lang='lat' dir='ltr'>edita</span> <span class='ocrx_word' id='word_1_602' title='bbox 353 2682 406 2712; x_wconf 86' lang='lat' dir='ltr'>sunt:</span> <span class='ocrx_word' id='word_1_603' title='bbox 421 2675 457 2712; x_wconf 74' lang='grc' dir='ltr'>ἀλλ’</span> <span class='ocrx_word' id='word_1_604' title='bbox 471 2676 504 2725; x_wconf 68' lang='grc' dir='ltr'>ἐμὲ</span> <span class='ocrx_word' id='word_1_605' title='bbox 514 2674 576 2725; x_wconf 80' lang='grc' dir='ltr'><em>μάγον</em></span> <span class='ocrx_word' id='word_1_606' title='bbox 591 2677 680 2721; x_wconf 71' lang='grc' dir='ltr'><em>λέγουσιν</em></span> <span class='ocrx_word' id='word_1_607' title='bbox 695 2674 733 2711; x_wconf 73' lang='grc' dir='ltr'><em>ὑπὸ</em></span> <span class='ocrx_word' id='word_1_608' title='bbox 749 2678 828 2724; x_wconf 81' lang='grc' dir='ltr'><em>Πέτρου</em></span> 
     </span>
     <span class='ocr_line' id='line_1_57' title="bbox 33 2721 827 2771; baseline -0.005 -8"><span class='ocrx_word' id='word_1_609' title='bbox 33 2726 146 2767; x_wconf 78' lang='grc' dir='ltr'><em>νικώμενον,</em></span> <span class='ocrx_word' id='word_1_610' title='bbox 160 2723 247 2762; x_wconf 77' lang='grc' dir='ltr'><em>ἀλλὰκαὶ</em></span> <span class='ocrx_word' id='word_1_611' title='bbox 259 2721 422 2771; x_wconf 78' lang='grc' dir='ltr'><em>συλλογιζόμενον.</em></span> <span class='ocrx_word' id='word_1_612' title='bbox 433 2722 467 2759; x_wconf 77' lang='grc' dir='ltr'>οὐκ</span> <span class='ocrx_word' id='word_1_613' title='bbox 480 2725 536 2763; x_wconf 77' lang='grc' dir='ltr'><em>εἴτις</em></span> <span class='ocrx_word' id='word_1_614' title='bbox 548 2722 569 2757; x_wconf 81' lang='grc' dir='ltr'>δὲ</span> <span class='ocrx_word' id='word_1_615' title='bbox 578 2723 716 2767; x_wconf 71' lang='grc' dir='ltr'><em>συλλογισθείη,</em></span> <span class='ocrx_word' id='word_1_616' title='bbox 727 2732 827 2770; x_wconf 72' lang='grc' dir='ltr'><em>συναρπα·</em></span> 
     </span>
     <span class='ocr_line' id='line_1_58' title="bbox 34 2761 826 2818; baseline -0.009 -9"><span class='ocrx_word' id='word_1_617' title='bbox 34 2761 87 2814; x_wconf 66' lang='lat' dir='ltr'>oceri</span> <span class='ocrx_word' id='word_1_618' title='bbox 95 2771 130 2818; x_wconf 78' lang='grc' dir='ltr'><em>τὴν</em></span> <span class='ocrx_word' id='word_1_619' title='bbox 138 2773 159 2809; x_wconf 76' lang='grc' dir='ltr'><em>ἐν</em></span> <span class='ocrx_word' id='word_1_620' title='bbox 166 2771 217 2808; x_wconf 68' lang='grc' dir='ltr'><em>αὐταί</em></span> <span class='ocrx_word' id='word_1_621' title='bbox 225 2770 314 2817; x_wconf 76' lang='grc' dir='ltr'><em>ἀληθείην</em></span> <span class='ocrx_word' id='word_1_622' title='bbox 321 2771 444 2817; x_wconf 77' lang='grc' dir='ltr'><em>νενικημένην</em></span> <span class='ocrx_word' id='word_1_623' title='bbox 456 2769 499 2816; x_wconf 83' lang='grc' dir='ltr'><em>ἔχει.</em></span> <span class='ocrx_word' id='word_1_624' title='bbox 522 2766 618 2816; x_wconf 82' lang='lat' dir='ltr'>Equidem</span> <span class='ocrx_word' id='word_1_625' title='bbox 631 2765 707 2802; x_wconf 84' lang='lat' dir='ltr'>offendo</span> <span class='ocrx_word' id='word_1_626' title='bbox 720 2766 741 2802; x_wconf 91' lang='lat' dir='ltr'>in</span> <span class='ocrx_word' id='word_1_627' title='bbox 752 2767 826 2804; x_wconf 82' lang='lat' dir='ltr'>verbis:</span> 
     </span>
     <span class='ocr_line' id='line_1_59' title="bbox 34 2805 827 2862; baseline -0.005 -9"><span class='ocrx_word' id='word_1_628' title='bbox 34 2818 68 2856; x_wconf 81' lang='grc' dir='ltr'>οὐκ</span> <span class='ocrx_word' id='word_1_629' title='bbox 82 2822 100 2856; x_wconf 82' lang='grc' dir='ltr'>εἴ</span> <span class='ocrx_word' id='word_1_630' title='bbox 112 2832 140 2859; x_wconf 86' lang='grc' dir='ltr'><em>τις</em></span> <span class='ocrx_word' id='word_1_631' title='bbox 151 2818 177 2854; x_wconf 80' lang='grc' dir='ltr'>δὲ.</span> <span class='ocrx_word' id='word_1_632' title='bbox 202 2805 269 2853; x_wconf 74' lang='lat' dir='ltr'>Codex</span> <span class='ocrx_word' id='word_1_633' title='bbox 283 2814 298 2851; x_wconf 79' lang='lat' dir='ltr'><strong>G</strong></span> <span class='ocrx_word' id='word_1_634' title='bbox 313 2814 382 2852; x_wconf 84' lang='lat' dir='ltr'>hebet:</span> <span class='ocrx_word' id='word_1_635' title='bbox 398 2813 440 2862; x_wconf 78' lang='grc' dir='ltr'>οὐχὶ</span> <span class='ocrx_word' id='word_1_636' title='bbox 454 2819 481 2855; x_wconf 76' lang='grc' dir='ltr'>τίς</span> <span class='ocrx_word' id='word_1_637' title='bbox 493 2816 537 2849; x_wconf 84' lang='lat' dir='ltr'>cett.</span> <span class='ocrx_word' id='word_1_638' title='bbox 561 2811 620 2848; x_wconf 80' lang='lat' dir='ltr'>Dicet</span> <span class='ocrx_word' id='word_1_639' title='bbox 632 2812 712 2859; x_wconf 76' lang='lat' dir='ltr'>aliquis,</span> <span class='ocrx_word' id='word_1_640' title='bbox 729 2812 827 2859; x_wconf 84' lang='lat' dir='ltr'>duplicem</span> 
     </span>
    </p>
   </div>
   <div class='ocr_carea' id='block_1_3' title="bbox 0 0 922 3065">
    <p class='ocr_par' dir='ltr' id='par_1_11' title="bbox 0 0 922 3065">
     <span class='ocr_line' id='line_1_60' title="bbox 0 0 922 3065; baseline 0 0"><span class='ocrx_word' id='word_1_641' title='bbox 0 0 922 3065; x_wconf 95' lang='lat' dir='ltr'> </span> 
     </span>
    </p>
   </div>
  </div>
 </body>
</html>
