1827 3065
167 104 197 136 an
207 104 340 139 cuuuuurrs
348 105 404 139 nou.
414 106 477 144 auru
485 105 538 139 una.
546 103 666 137 1111111111.
774 92 819 136 299

27 201 108 244 aventis
116 205 190 247 tutusr,
203 203 283 248 γαληνὸς
294 203 362 247 τόπος,
370 209 393 240 ut
400 205 509 252 appellatur
519 217 536 241 v.
548 205 571 241 15
579 214 607 250 sq.
621 201 762 243 Ἀκιιτάσκοπος
769 204 821 249 apud

26 250 141 288 Clementem
154 248 212 284 Paed.
225 249 261 293 ΠΙ,
272 261 290 295 p.
302 249 406 286 1161111
418 251 455 296 „ab
471 249 624 298 exploratoribus
635 250 709 285 tutus“.
732 248 764 285 Ἑν
776 249 821 285 ἀκα-

26 293 112 341 τασκόπῳ
123 293 161 330 hoc
175 293 218 329 loco
233 293 398 341 interpretandum
410 297 492 341 „cinm“.
512 295 624 333 Cavendum
634 306 680 331 vere
695 304 730 338 ne,
755 294 776 328 ui
788 293 821 330 1111

26 340 95 378 dieitur
108 338 207 380 σκεπεινὸς
218 341 251 385 τῆς
262 339 357 387 θαλάσσης
368 341 436 384 τόπος,
448 342 577 379 confundatur
585 353 628 378 curn
636 352 669 386 1ο,
682 339 715 387 qui
722 352 741 387 p⁴
749 342 754 356 ⁶
762 339 790 384 91,
799 340 821 375 16

26 384 153 434 appellatura
166 384 265 425 anenata
277 384 341 427 τόπος.
365 387 384 422 11
397 387 447 423 enim
459 391 489 424 est
502 391 593 435 „opertus
604 387 680 432 locusr,
692 384 764 422 nonin
777 385 820 431 ipso

26 430 71 469 mari
84 429 143 472 situs,
155 429 215 474 idem,
227 429 333 476 (1111112111,
343 432 352 465 1
362 442 389 477 sq.
402 432 465 467 audit:
480 440 572 479 κρυφαῖος
584 432 648 474 τόπος.
660 454 682 459 -
698 430 787 467 Ceterum
798 433 821 466 ut

26 475 71 515 alibi
80 475 108 511 sic
117 475 176 511 etiarn
184 474 205 510 iu
213 475 284 511 Homil.
293 478 313 511 et
321 476 341 511 iu
348 476 400 523 Epit.
408 481 444 513 utr.
453 476 474 513 C.
483 478 529 514 CIX
539 482 558 515 et
571 477 606 513 CX
618 478 642 514 de
653 477 715 514 forma
726 475 821 557 aqpectivi

25 519 222 565 11111111111111111111,
230 521 346 568 praebentes
358 523 456 564 σκεπεινὸς
467 526 487 559 11
496 524 617 571 pernaviget
625 522 720 564 σκεπινός.
761 524 821 558 ostre-

25 566 171 612 mauriennam,
183 566 263 613 quaein
274 566 344 602 Homil.
359 579 382 604 ex
394 568 461 604 codice
472 567 487 604 C
499 573 577 616 recepta
589 573 628 614 est,
643 569 728 605 omnium
742 567 821 604 minime

25 611 106 656 tulerim,
116 611 186 658 quippe
195 623 244 658 quae
252 611 305 659 apud
312 611 389 649 infimae
398 613 474 649 demum
484 616 554 651 aetatis
564 615 666 661 scriptores
674 618 768 661 usrupata
777 625 821 650 esse

25 658 117 695 videatur.
126 657 153 693 At
162 658 233 693 formae
243 657 342 698 σκεπετνὸς
350 662 370 694 11
379 660 471 707 σκεπηνὸς
479 671 512 696 cur
520 660 590 696 dubiae
599 672 642 696 esse
650 659 697 696 fidei
705 659 820 706 perhibean-

26 702 84 740 turin
92 702 150 738 Thes.
160 702 250 749 Stephan.
259 702 352 739 edParis.
361 706 507 751 1.11.ακεπηγός,
516 706 655 753 nonintelligo.
664 727 687 732 —
694 705 718 742 V.
724 704 820 752 respersa

26 747 151 797 praeferenda
165 751 206 784 erat
217 748 277 784 lectio
290 748 364 785 codicis
377 748 407 785 C.:
422 752 454 786 tut
468 751 509 787 τὸν
520 751 629 798 αἰγιαλὸν
642 756 752 799 γενομένων
760 752 819 799 ἡμῶν,

27 805 82 840 quam
92 792 173 840 praebet
187 794 246 830 etiam
257 794 356 841 utriusque
367 794 419 842 Epit.
434 794 454 832 C.
467 794 507 832 CX.
521 817 544 822 -
557 796 631 831 Eodem
643 808 700 832 versu
714 795 821 832 secuudum

26 840 76 887 Epit.
90 838 173 885 priorem
187 839 318 876 scribendum:
332 845 369 877 καὶ
381 842 456 889 μεταξὺ,
472 845 492 877 at
505 853 530 877 ue
544 842 600 888 hujus
611 841 711 888 Epitcmes
724 840 820 887 scriptura

26 883 135 931 reponenda
143 884 202 920 etiam
208 885 229 920 in
234 885 286 932 Epit.
293 885 353 931 alten,
362 886 396 922 ubi
404 886 455 933 quod
464 885 484 922 C.
492 853 528 922 CX
536 887 609 923 editum
618 890 657 923 est:
666 887 736 937 μεταξὺ
744 890 820 931 πέτρων

28 946 42 968 rr
46 932 84 968 νῶν
91 929 173 977 γαληνὸν
181 935 212 967 καὶ
221 929 305 976 καθαρὸν
317 932 378 969 τόπον
387 932 540 980 εὐπορησάντων,
554 944 578 968 ne
589 936 630 967 tum
642 932 720 978 quidem
728 931 768 967 veri
777 943 820 968 esse

27 974 89 1011 simile
99 974 218 1021 crediderim,
227 987 285 1022 quum
292 988 326 1023 pro
335 976 480 1023 εὐπορηστὲντων
487 979 593 1025 repositum
605 976 673 1013 fuerit:
689 976 821 1026 εὐπορούν-

27 1034 75 1058 των.
84 1041 107 1046 -—
114 1019 185 1056 Mirum
193 1024 224 1056 est
232 1021 283 1067 quod
290 1021 350 1058 verba
357 1034 374 1058 v.
384 1024 405 1059 1ss
414 1026 433 1058 et
440 1035 459 1069 p.
467 1023 507 1066 297,
516 1026 526 1058 1
535 1034 562 1069 sq.
571 1023 644 1070 posita:
659 1027 690 1060 καὶ
698 1024 819 1072 λουσάμενοι,

27 1065 115 1107 ἐλθόντες
122 1067 155 1102 ἐπὶ
164 1065 196 1107 τὰς
202 1072 291 1114 γυναῖκας
298 1066 433 1118 παρελάβομεν.
445 1073 477 1105 καὶ
488 1069 548 1109 οὕτως
559 1071 579 1106 ἓν
590 1072 676 1114 κρυφαίῳ
688 1067 741 1113 τόπῳ
750 1081 821 1116 πορευ-

27 1115 93 1151 θέντες
101 1110 205 1157 εὐχόμεθα,
218 1112 294 1147 omniuo
302 1113 416 1149 transmissa
424 1114 498 1149 suntin
504 1117 585 1159 utraque
593 1113 651 1159 Epir,
660 1123 718 1158 quum
725 1116 792 1148 tamen
799 1132 823 1138 -

27 1160 48 1192 ut
55 1160 130 1192 taceam
139 1157 163 1192 de
171 1157 221 1202 loco,
231 1157 263 1203 qui
273 1161 303 1193 est
311 1156 331 1193 C.
341 1156 392 1203 CXI,
400 1170 444 1194 mox
450 1159 559 1194 accuratius
566 1157 668 1194 tractando
677 1178 700 1183 -—
707 1157 822 1204 inutraque,

28 1201 47 1237 C.
60 1199 122 1245 CXII,
132 1202 181 1239 haec
192 1202 311 1249 reperiantur
321 1203 381 1239 verba
391 1203 417 1239 ad
429 1214 477 1248 rem,
491 1214 540 1250 quae
554 1203 595 1238 illis
607 1202 690 1239 traditur
703 1202 822 1249 spectantia:

27 1245 113 1294 θαλάσσῃ
124 1248 171 1296 ὑμᾶς
183 1251 306 1296 λελουμένους
319 1252 345 1289 εἰς
357 1249 391 1286 τὸν
403 1248 517 1297 ἀπόκρυφον
529 1248 590 1286 τόπον
605 1247 765 1295 ὑποχωρήσαντος
776 1247 824 1285 idda

28 1296 73 1328 cett.
97 1292 135 1329 Vix
143 1304 167 1329 ac
174 1304 199 1328 ue
207 1292 240 1327 vix
248 1292 325 1339 quidem
333 1305 345 1329 a
352 1305 383 1328 me
391 1293 494 1340 impetrare
502 1305 587 1340 possum,
595 1297 618 1329 ut
625 1296 701 1329 tantam
709 1292 770 1329 fuisse
777 1292 823 1339 Epi-

27 1339 127 1374 tomatoris
135 1337 277 1385 negligentiam
288 1339 400 1375 existimem.
420 1338 487 1381 ‘Quare
500 1349 580 1384 censeo,
592 1339 612 1374 in
624 1338 720 1386 Epitomis
733 1338 823 1374 lacunam

30 1395 72 1420 esse
82 1385 210 1419 statuendam.

73 1428 162 1473 11111
174 1428 232 1464 facile
240 1427 311 1475 aliquis
324 1428 424 1474 conjiciat:
437 1429 610 1470 intercludam
621 1429 654 1470 τὰς
666 1434 753 1475 γυναῖκας
765 1441 823 1476 παρε-

28 1472 114 1523 λάβομεν.
137 1474 164 1509 At
177 1473 266 1520 equidem
278 1484 318 1510 non
325 1475 387 1509 ausim
394 1473 499 1520 quidquam
506 1478 585 1511 mutare.
594 1495 617 1500 -
624 1474 648 1512 V,
656 1473 714 1509 411111
722 1473 784 1520 liquet
792 1484 825 1508 cur

27 1520 137 1556 Dresselius
150 1519 223 1555 codicis
235 1517 251 1554 Ο
263 1520 385 1565 scripturam:
402 1523 433 1556 ant
444 1519 520 1561 ταύταις
532 1525 572 1561 τοῖς
582 1523 675 1565 γυναιξὶν,
688 1518 823 1566 posthabuerit

29 1565 52 1611 ei,
61 1576 111 1612 quae
119 1569 150 1601 111
157 1565 178 1600 in
186 1564 254 1601 codice
263 1563 286 1600 C:
296 1569 326 1601 καὶ
335 1570 375 1606 ταῖς
382 1565 448 1606 αὐτοῖς
455 1568 546 1612 γυναιξὶν.
570 1566 645 1603 Neutra
656 1570 720 1601 tamen
731 1568 778 1611 apta
787 1568 823 1600 est.

28 1611 75 1646 Erat
83 1610 134 1646 enim
142 1614 203 1646 mater
211 1611 262 1645 iuter
270 1610 322 1657 ipsas
331 1610 421 1646 mulieres
430 1613 488 1646 antea
496 1614 659 1647 commemoratas.
674 1610 698 1645 In
704 1609 757 1657 Epit.
765 1609 823 1656 prior.

30 1655 49 1693 C.
62 1654 98 1691 CX
109 1656 158 1691 nihil
171 1661 201 1692 est
214 1655 261 1691 nisi:
279 1659 310 1692 καὶ
324 1655 403 1697 ταύταις.
427 1655 523 1701 Equidem
538 1667 616 1702 censeo,
631 1656 719 1703 primitus
732 1656 825 1705 scgiptum

29 1701 100 1737 fuisse:
114 1701 183 1749 μόνοις
193 1700 239 1751 ἡμῖν
248 1706 331 1738 συνεῖναι
343 1703 366 1751 τῇ
377 1705 435 1749 μητρὶ
446 1704 558 1749 ἐπέτρεψεν,
573 1702 647 1748 reliqua
660 1704 725 1736 autem
732 1701 793 1736 verba
801 1712 825 1736 ex

29 1747 155 1783 adnotatione
164 1746 276 1782 correctoris
284 1747 334 1782 male
344 1746 406 1782 seduli
414 1750 456 1782 orta
465 1758 513 1782 esse.
525 1768 546 1773 —
556 1747 579 1783 V.
588 1749 599 1783 e
611 1758 661 1795 quae
670 1748 714 1793 jure
725 1757 748 1782 ex
758 1745 824 1781 codice

31 1791 133 1838 Orecepta
141 1795 203 1827 estet
213 1791 234 1826 in
245 1791 297 1838 Epit.
308 1791 366 1838 prior.
379 1790 399 1827 C.
408 1790 444 1827 CX
451 1792 554 1839 reperitur,
565 1793 647 1829 formam
660 1791 824 1841 συνειστιάθημεν,

10 1871 12 1876 ,
31 1837 105 1873 mireris
116 1848 156 1872 uon
169 1836 273 1883 repositam
286 1838 307 1872 in
318 1836 369 1883 Epit.
382 1838 437 1873 alter,
446 1836 466 1872 C.
479 1836 519 1873 CX.
530 1859 553 1864 —
564 1838 588 1875 V.
597 1838 619 1873 10
630 1842 669 1880 καὶ,
682 1837 734 1883 quod
742 1839 826 1872 estante

29 1887 130 1924 καθεσθείς
137 1893 179 1918 non
187 1882 237 1918 male
246 1882 341 1918 omittitur
348 1884 369 1918 in
374 1882 426 1929 Epit.
437 1883 536 1928 utriusque
545 1882 565 1921 C.
575 1882 626 1920 CXI.
637 1904 661 1909 —
672 1883 696 1919 V.
710 1882 733 1917 12
747 1881 826 1918 tolerari

31 1928 99 1975 nequit
106 1933 144 1970 καὶ,
170 1929 209 1964 uod
218 1931 248 1963 est
259 1927 376 1974 11111111τός,
387 1928 408 1963 in
415 1927 468 1975 Epit.
475 1931 574 1974 utriusque
583 1927 603 1965 C.
613 1927 658 1964 CXI
666 1933 719 1964 recte
727 1927 826 1963 transmis-

30 1985 110 2009 111111-
117 1973 140 2009 V.
150 1939 172 2009 ld
181 1986 209 2020 sq.
218 1972 315 2010 Homiliae
325 1972 408 2010 habent:
421 1972 459 2021 ἅμα
471 1975 498 2020 τῷ
507 1976 562 2024 ὑμᾶς,
572 1978 636 2022 (μησίν,
645 1974 757 2019 ἀποστῆναι,
765 1976 827 2021 γέρων

31 2019 142 2065 evirantur
154 2019 214 2066 γάτης,
225 2023 329 2068 περιέργως
336 2023 423 2057 κλέπτων
432 2019 506 2062 ἑαυτόν,
519 2019 571 2066 quod
583 2021 645 2066 ipsum
657 2023 687 2054 est
697 2020 717 2054 in
726 2019 826 2063 utriusque

30 2064 82 2111 Epit.
92 2059 113 2101 C.
122 2032 173 2110 0111,
184 2064 223 2099 uisi
231 2064 284 2112 quod
293 2064 314 2100 in
321 2064 373 2112 Epit.
381 2065 445 2112 priore
454 2066 546 2109 scriptum
557 2064 659 2111 reperitur:
668 2065 775 2109 ἀποστῆναί
781 2078 825 2111 μου,

30 2115 91 2160 γέρων
99 2115 127 2151 τὶς
136 2110 178 2155 (sie)
187 2109 252 2159 συνῄει
260 2114 364 2159 περίεργος,
373 2114 400 2148 nt,
409 2112 430 2154 ἑ,
439 2114 459 2147 11
466 2111 487 2146 in
492 2110 544 2156 Epir.
553 2111 623 2146 altera:
637 2109 718 2157 ἐργάτης,
728 2113 827 2157 περίεργος

31 2157 76 2192 111.
84 2155 152 2192 Facile
158 2159 244 2202 apparet,
248 2157 329 2191 alteram
334 2156 435 2192 verborum
440 2160 515 2202 partem
520 2157 590 2202 optime
595 2160 691 2190 servatam
698 2164 740 2190 esse
745 2154 765 2189 in
770 2155 826 2191 libris

31 2212 86 2238 mser.
95 2201 228 2237 Homiliarurn.
238 2200 327 2248 Ἐργάτης
336 2207 356 2237 11
364 2205 467 2249 περιέργως
476 2202 533 2237 etiam
541 2199 623 2235 Rufinus
633 2200 727 2247 scriptum
735 2201 826 2246 repperit,

32 2248 87 2293 qu'us
94 2246 144 2282 haec
153 2250 197 2281 sunt
204 2245 264 2281 verba
271 2247 291 2281 111
299 2245 400 2292 Recognit.
409 2247 491 2290 VHI,1:
501 2246 577 2290 „Senex
585 2249 650 2281 autem
659 2245 738 2293 quidam
746 2257 826 2292 pauper,

33 2296 52 2327 et
62 2297 85 2327 ut
98 2292 206 2339 apparebat
219 2301 243 2326 ex
254 2290 323 2327 habitu
335 2293 443 2337 operarius,
458 2291 532 2327 curiose
546 2302 570 2326 ex
586 2291 663 2327 occulto
678 2290 779 2327 observare
790 2302 826 2326 nos

33 2337 115 2384 coepit.“
127 2337 155 2372 At
165 2336 232 2371 mirum
241 2341 276 2381 est,
285 2335 405 2372 nullumdum
414 2336 517 2372 offendisse
525 2336 545 2371 in
553 2336 648 2372 vocabulo
658 2336 770 2381 ἀποστῆναι.
782 2336 795 2372 J
796 2347 827 2372 am

31 2393 90 2418 unum
99 2383 161 2418 solum
168 2381 248 2418 verbum
259 2380 353 2429 συνεισῄει
365 2387 470 2418 monstrare
478 2385 563 2427 poterat,
575 2381 625 2417 illud
633 2381 745 2417 mutandum
754 2392 797 2417 esse
806 2382 827 2417 iu

33 2429 70 2464 tm
76 2430 165 2474 στῆναι,
188 2427 278 2472 Accedit,
287 2426 340 2473 quod
347 2438 383 2471 res,
393 2427 462 2473 quade
472 2438 532 2462 sermo
542 2431 577 2472 est,
586 2431 632 2463 acta
639 2439 678 2462 non
687 2431 716 2462 est
724 2431 827 2474 postquam

33 2472 163 2509 discesserunt
174 2472 287 2516 Faustinus,
299 2472 445 2515 Faustinianus,
460 2469 549 2508 Clemens
562 2476 581 2507 et
594 2472 664 2519 reliqui
676 2473 723 2516 viri,
737 2472 771 2507 sed
782 2477 828 2519 pest

32 2519 116 2554 reditum
126 2520 221 2565 ipsorum3
233 2529 272 2554 non
283 2519 304 2554 ἓν
316 2519 409 2563 aurneina]
423 2520 455 2562 τῆς
469 2516 565 2563 θαλάσσης
579 2516 642 2564 τόπῳ,
657 2516 692 2553 sed
707 2518 727 2554 ἒν
739 2522 827 2566 κρυφαίῳ

33 2563 92 2611 τόπῳ,
102 2564 136 2612 qui
145 2565 303 2600 commemoratur
311 2574 329 2608 p.
338 2562 378 2606 297,
387 2563 397 2597 1
407 2574 434 2610 sq.
448 2560 575 2608 Corruptelae
583 2573 649 2598 ansam
655 2561 768 2609 praebuisse
776 2563 828 2600 vidc-

33 2612 63 2644 tur
74 2608 160 2645 confusio
172 2608 252 2645 duorum
260 2607 346 2645 locorum
356 2607 480 2653 diversorum,
488 2619 545 2654 quam
552 2618 613 2653 supra,
620 2608 664 2643 adn.
670 2608 828 2657 aupnetansq

35 2654 139 2690 cavendam
155 2665 198 2690 esse
213 2652 327 2689 monuimus.
350 2652 393 2690 Per·
403 2665 424 2689 sc
433 2653 558 2700 intellig-itur,
572 2654 593 2688 in
604 2652 656 2700 Epit.
670 2654 734 2700 prior,
749 2658 830 2702 recepta

34 2701 169 2736 emendatione
181 2701 290 2744 ἐπιστῆναι,
304 2699 362 2735 etiam
374 2713 412 2748 μου
421 2700 533 2735 mutandum
546 2710 594 2735 esse.
609 2720 630 2724 -
644 2699 668 2734 111
681 2698 773 2735 Homiliis
785 2704 829 2747 post

34 2744 101 2782 ἑαυτόν
126 2749 185 2781 uncto
196 2745 321 2781 incidendum
333 2746 368 2780 111,
392 2744 415 2780 In
427 2744 478 2791 Epit.
489 2745 552 2791 priore
564 2755 614 2792 quae
626 2744 712 2790 proximo
723 2751 830 2792 sequuntur

33 2790 92 2826 verba
100 2757 125 2827 ad
133 2791 184 2826 idem
194 2791 314 2827 enuntiatum
321 2789 448 2837 pertinentia,
460 2791 488 2827 ita
496 2793 541 2826 sunt
549 2789 660 2827 scribenda:
675 2794 707 2827 καὶ
715 2791 830 2841 βουλόμενος
