1827 3065
338 138 444 173 EPITOME
456 137 532 171 PRIOR.

34 246 125 290 avaritia,
139 242 193 279 inani
210 239 273 289 gloria
291 238 373 284 aliisque
388 236 495 283 similibus3
513 246 562 283 quae
577 246 620 271 cum
634 237 727 281 tanquam
743 234 836 281 phu-imus

35 293 97 328 fumus
107 287 225 327 coniunctim
233 284 323 333 vagarint
332 288 351 320 et
360 283 474 320 intraverint
486 294 520 330 pro
532 282 588 318 domo
601 279 693 316 mundum
704 279 794 327 intusque
802 279 836 316 ha·

1 331 4 337 ⁴
56 336 138 374 tantiam
152 333 250 370 hominum
263 331 326 367 visum
342 328 463 374 offusearint,
482 340 515 365 eos
531 339 570 364 non
586 326 653 362 sinunt
669 325 757 373 aspicere
773 337 835 372 neque

54 382 101 419 undi
112 382 217 417 creatorem
227 377 291 413 Deum
302 374 414 423 intelligere
426 386 449 411 ex
461 374 496 419 fis,
510 374 531 410 in
543 372 613 421 quibus
624 372 667 419 ipse
678 383 699 408 se
710 371 784 419 pinxit,
799 383 836 408 nec

59 425 151 477 gnoscere
160 423 211 472 quod
219 422 238 459 ei
245 422 316 470 placet.
333 421 428 464 Quocirca
436 423 518 468 oportet,
527 418 616 456 veritatis
627 417 710 454 studiosi
718 417 835 453 intrinsecus

66 473 141 510 animae
151 469 246 519 profundo
255 468 281 504 ad
292 467 384 505 auxilium
395 478 441 503 vera
451 466 527 503 ratione
538 468 610 502 vocent
621 464 686 500 Deum
696 464 766 509 solum,
776 464 835 499 domi-

55 532 79 555 im
88 522 152 555 autem
160 519 246 552 nostrum
257 525 280 550 ae
292 514 407 550 salvatorem
415 514 479 549 Iesum
488 511 595 556 Christum,
608 514 628 548 et
637 510 661 547 ab
671 522 693 546 eo
703 510 835 558 cognitionem

71 566 75 574 ‘
92 565 96 572 '
110 567 140 609 nt,
152 566 174 598 ut
185 560 256 608 aliquis
267 560 320 597 intus
328 559 403 607 positus
416 559 436 594 in
448 559 504 595 domo
515 558 564 595 fumi
575 559 643 606 plena,
658 558 679 593 in
690 556 736 602 hoc,
751 557 835 603 inquam,

55 624 81 647 un
96 622 112 655 o,
122 608 216 646 accedens
224 606 287 654 possit
295 606 369 654 aperire
377 605 437 651 fores,
448 616 484 652 quo
493 605 559 641 lumen
567 605 624 650 selis,
637 603 689 651 quod
697 606 751 639 extra
759 606 798 648 est,
807 603 835 638 in-

54 657 153 694 cmittatur
161 654 181 689 in
190 653 274 697 domum,
286 652 339 701 ignis
350 663 395 688 vero
407 651 479 697 fumus,
494 651 527 697 qui
539 651 589 687 intro
602 653 642 695 est,
658 649 755 694 eiiciatur,
769 652 792 685 ut
803 648 836 685 ho-

56 704 104 747 ines,
113 713 156 737 cum
163 699 306 747 perspexerint,
316 698 396 734 credant
405 698 426 733 in
432 709 491 733 unum
498 697 563 733 Deum
571 700 646 744 patrem
654 695 807 743 omnipotentem
816 698 836 731 et

113 747 185 783 enitum
194 746 235 782 eius
244 743 306 781 filium
318 756 342 781 ex
353 756 375 781 eo
384 748 430 780 ante
442 743 508 780 secula
516 742 641 780 inenarrabili
652 742 709 778 medo
718 741 806 790 genitum
815 745 835 777 et

64 797 152 841 spiritum
160 794 247 828 sanctum
256 802 279 827 ex
288 791 355 828 eodem
363 789 461 827 ineffabili
468 790 544 826 ratione
552 788 699 836 procedentem,
709 793 767 835 atque
775 800 834 824 unum

56 851 98 876 eum
107 840 226 887 cognoscant
237 837 257 873 in
267 837 329 874 tribus
341 837 438 884 personis,
450 835 546 884 principio
556 838 663 879 carentem,
675 833 720 870 finis
730 837 834 882 expertem,

59 889 139 929 ternum,
147 886 271 932 perpetuum,
279 884 393 927 increatum,
402 882 552 927 immutabilem,
565 881 668 918 variationi
676 892 716 917 uon
724 880 834 925 obnoxium,

53 931 151 978 mplicem,
163 942 202 966 non
214 930 349 977 compositum,
359 929 499 976 incorporeum,
508 928 637 972 invisibilem,
647 927 767 972 iutactilem,
777 927 834 962 incir-

60 977 181 1024 mscriptum,
189 975 412 1022 incomprehensibilem,
421 974 528 1019 infinitum,
541 986 580 1010 non
588 974 687 1010 valentem
695 973 790 1020 perspici,
799 973 833 1009 bo-

0 1037 18 1069 :1ss
35 1035 88 1067 num,
102 1023 182 1066 iustum,
196 1024 295 1068 potentem
309 1020 380 1065 omnia,
396 1024 525 1056 creaturarum
543 1019 627 1056 omnium
641 1018 731 1099 opificem
746 1019 832 1065 omnipo-

2 1075 9 1088 ³
34 1072 117 1113 tentem,
132 1068 260 1114 inspectorem
271 1070 391 1111 cunctorum,
408 1066 525 1113 provisorem
541 1065 634 1109 omnium,
666 1065 792 1100 ominatorem
808 1076 832 1099 ac

56 1113 126 1149 dicem:
136 1118 193 1159 atque
201 1113 229 1148 Ita
237 1123 287 1159 aqua
295 1116 315 1148 et
324 1111 393 1158 spiritu
399 1111 463 1147 renati
471 1110 587 1147 cohaeredes
597 1110 741 1146 constituantur
748 1108 833 1145 filiorum

57 1159 75 1194 ci
81 1162 190 1195 renatorum
198 1157 223 1193 ad
231 1157 397 1204 incorruptionem.

80 1203 154 1240 XVIII.
178 1203 297 1255 Quapropter
308 1206 354 1238 ante
364 1212 440 1237 omnem
447 1200 581 1248 quaestionem
589 1204 611 1236 tu
619 1211 701 1247 quoque,
714 1211 725 1236 o
734 1198 831 1244 Clemens,

59 1252 122 1302 ompte
129 1253 221 1295 tanquam
229 1247 281 1283 filius
293 1248 318 1283 ad
328 1250 403 1294 patrem
411 1246 492 1290 accede,
501 1250 523 1282 ut
532 1250 552 1282 et
560 1246 669 1282 visibilium
678 1249 697 1282 et
706 1245 835 1282 invisibilium

60 1295 166 1342 gurticnem
173 1304 218 1329 vere
224 1293 262 1329 tibi
268 1293 361 1340 praebeat
368 1293 427 1328 Deus.
441 1292 496 1335 cuod
505 1292 521 1327 si
529 1295 633 1340 postquam
640 1295 721 1328 vocatus
730 1303 750 1328 es
756 1303 796 1328 non
803 1292 833 1327 vis

61 1345 69 1376 t
76 1339 178 1384 cunctaris,
187 1338 281 1375 iustoDei
288 1338 360 1374 iudicio
367 1338 458 1374 exhaeres
466 1338 509 1383 eris,
517 1343 537 1374 et
543 1338 588 1384 quia
594 1337 681 1382 uoluisti,
688 1338 742 1374 nolet
748 1341 769 1374 te
774 1337 835 1374 Deus.

56 1397 104 1433 eque
109 1397 154 1422 vero
163 1384 267 1429 existimes,
280 1384 331 1431 quod
339 1384 377 1420 etsi
386 1384 479 1429 omnium,
491 1384 524 1431 qui
534 1394 619 1430 unquam
627 1383 705 1420 fuerunt
716 1384 755 1431 pii,
769 1383 835 1431 piissi-

56 1444 78 1467 us
86 1430 216 1484 sis,baptismi
222 1433 287 1466 autem
294 1430 478 1466 consummationem
485 1430 586 1466 nonfueris
594 1429 776 1474 assecutus‚bonam
781 1441 835 1477 spem

63 1477 119 1523 ipisci
127 1476 231 1523 aliquande
238 1476 316 1523 poteris.
324 1476 353 1511 Eo
363 1476 414 1512 enim
421 1475 503 1512 maiores
511 1488 584 1523 poenas
593 1476 655 1520 dabis,
665 1475 716 1522 qued
724 1475 781 1512 bonis
790 1487 834 1522 ope-

10 1557 19 1571 .„.
54 1522 89 1558 bus
98 1534 136 1558 non
143 1522 194 1558 bene
201 1533 247 1557 usus
257 1522 288 1557 sis.
312 1522 372 1566 Nam,
384 1525 406 1557 ut
418 1521 482 1566 aiunt,
496 1521 568 1558 bonum
578 1533 617 1557 non
624 1521 697 1558 bonum
705 1525 745 1565 est,
758 1521 834 1568 quando

7 1577 19 1613 zgj
38 1579 76 1604 non
83 1568 133 1604 bene
141 1567 210 1621 agitur
234 1567 266 1603 Tu
272 1578 317 1603 vero
330 1567 355 1612 si,
370 1567 529 1613 quemadmodum
536 1567 580 1603 Deo
588 1567 663 1614 placet,
676 1567 727 1603 nolis
739 1567 835 1614 baptizari

120 1617 185 1660 potrus
193 1613 289 1649 voluntati
297 1613 418 1660 obsequeris,
429 1613 516 1661 profecto
525 1613 578 1649 illius
587 1613 668 1649 consilio
675 1624 778 1666 repugnas.
796 1611 835 1649 Sed

115 1659 163 1695 ces:
187 1659 213 1694 Et
227 1659 274 1706 quid
287 1659 312 1695 ad
327 1659 422 1706 pietatem
436 1659 531 1704 conferet,
549 1659 566 1694 si
580 1670 630 1706 aqua
644 1658 747 1706 baptizer?
770 1659 835 1695 Primo

116 1731 120 1750 ‚
129 1705 174 1752 quia
182 1705 203 1740 id
211 1705 262 1752 quod
269 1704 312 1741 Deo
320 1705 394 1752 placuit
402 1704 457 1741 iacis.
483 1704 570 1741 Secundo
579 1716 630 1750 vero,
640 1706 685 1752 quia
693 1716 728 1752 per·
736 1716 806 1752 aquam
815 1709 835 1741 et

138 1751 244 1787 renasceris
260 1750 303 1787 Deo
323 1754 381 1798 atque
396 1750 477 1798 primam
491 1750 615 1787 nativitatem
632 1762 689 1798 quam
703 1762 727 1787 cx
743 1751 835 1798 concupi·

61 1796 113 1833 entia
123 1796 200 1833 traxisti
210 1800 315 1844 permutas,
330 1797 396 1844 sicque
408 1797 490 1833 salutem
503 1796 595 1844 consequi
603 1797 685 1845 poteris3
701 1797 759 1833 aliter
770 1800 835 1833 autem

54 1842 81 1877 eri
94 1843 165 1890 nequit
189 1842 221 1878 Ita
230 1843 286 1879 enim
300 1842 333 1889 qui
348 1846 426 1890 propter
441 1844 525 1882 salutem
540 1846 560 1879 et
576 1843 742 1879 immortalitatem
758 1843 835 1891 generis

64 1887 99 1923 stri
106 1888 216 1924 incarnatus
225 1892 255 1924 est
263 1888 317 1925 Deus
327 1899 388 1925 sermo
397 1888 446 1924 dixit
454 1889 519 1926 nobis:
540 1887 614 1925 Amen
628 1889 683 1926 dico
697 1889 775 1935 vobis,
789 1889 837 1925 nisi

65 1934 115 1969 nati
131 1933 231 1970 fueritis
247 1945 306 1981 aqua
322 1938 345 1971 et
362 1934 457 1982 spiritu,
477 1947 522 1971 non
540 1934 679 1971 introibitis
699 1935 723 1971 in
738 1946 836 1983 regnum

54 1979 161 2015 aelorum.
179 1980 274 2023 Quocirca
282 1980 307 2016 ad
315 1980 341 2017 ba
355 1981 433 2016 tismum
442 1981 520 2025 accede,
530 1981 626 2028 siquidem
632 1981 665 2017 hic
675 1981 726 2017 solus
734 1981 774 2017 vim
782 1981 834 2028 ignis

53 2027 103 2060 otest
111 2025 238 2074 exstinguere.
261 2025 330 2073 Neque
340 1993 402 2072 iiffer,
411 2027 502 2073 quoniam
511 2027 579 2064 dilatio
589 2027 639 2063 solet
647 2027 715 2064 afferre
722 2027 836 2075 periculum,

62 2073 140 2117 opterea
148 2072 199 2118 quod
207 2072 302 2109 incertum
311 2072 337 2108 sit
344 2073 482 2120 praestitutmn
490 2073 547 2110 morti
555 2076 633 2110 nostrae
640 2076 721 2121 tempus.

63 2164 92 2200 up,
105 2151 221 2197 ἃβάπτιοτος
233 2154 254 2190 di
263 2151 291 2209 ᾗς,
304 2155 382 2194 ἐλπίδος
391 2168 423 2190 τυ·
451 2157 544 2202 Responsis
552 2156 573 2189 ad
583 2156 638 2189 Marci
645 2156 788 2199 Interrogatioues
797 2167 833 2201 cap.

62 2201 80 2233 ῖν
86 2200 107 2233 al.
115 2211 141 2244 ap.
151 2201 187 2234 Oct.
194 2198 241 2246 -4)
251 2202 280 2235 Sic
286 2202 336 2235 AOD
346 2205 362 2234 et
368 2202 389 2235 al.
396 2214 423 2247 ap.
452 2201 469 2245 6,
478 2213 544 2235 necnon
552 2202 659 2244 origenesin
667 2202 730 2235 Calena
737 2203 794 2235 Lucae
801 2204 835 2235 Ms.

64 2247 86 2296 h,
101 2242 127 2290 μὴ
141 2243 342 2292 φθάσειςΒνοΙς.-
355 2244 374 2293 5)
389 2248 424 2282 τοῦ
452 2248 474 2281 ad
488 2245 599 2292 cap.1.vers.
612 2246 837 2290 [iubitamenineditaa

1 2291 15 2313 ¹>
43 2289 111 2323 adiunxi
124 2302 145 2324 ex
158 2294 178 2326 A.
191 2311 215 2316 -
228 2289 246 2337 6)
259 2293 331 2338 μᾶλλον
346 2295 424 2328 πλείονα
453 2294 533 2327 Corderio
554 2304 616 2327 nomen
631 2294 715 2327 Simeonis
738 2295 834 2339 apponitur,

57 2334 107 2368 dinat
114 2337 130 2368 A
137 2340 156 2370 ut
164 2341 222 2371 nostra
228 2339 277 2383 Epit.
287 2357 312 2362 —
322 2335 341 2384 7>
350 2336 374 2378 ὣς
385 2340 424 2372 dedi
452 2340 509 2373 neseio
513 2340 560 2372 anob
564 2336 592 2383 Σή
598 2340 643 2383 quod
647 2340 765 2383 admarginem
769 2340 836 2374 Codicis

51 2381 110 2431 sap.
125 2378 135 2414 ὅ
148 2383 198 2417 BGD
210 2385 256 2426 vulg.
271 2385 346 2418 Adnotat
359 2386 424 2419 Gotele-
452 2384 506 2427 Regii
517 2388 596 2429 apparet,
612 2388 671 2429 estque
682 2387 803 2433 opprimerem.
814 2405 838 2409 —

41 2435 84 2477 nus:
102 2427 193 2463 Deuteron.
204 2430 253 2464 XVI.
268 2428 297 2465 20.
316 2433 363 2464 Iuste
381 2433 424 2473 qaod
451 2427 533 2485 ξ’),κολὸς
540 2431 619 2475 γένηται
626 2433 646 2473 Α,
655 2431 715 2469 καλῶς
724 2432 801 2475 γένηται
813 2433 836 2472 Β;

2 2497 8 2525 3
41 2475 102 2527 requiam
113 2477 137 2526 cpi
146 2478 256 2517 persequeris.
271 2475 423 2521 Sapientiam.
452 2488 482 2511 οτι
494 2473 539 2510 καλὰ
555 2476 600 2523 ἔργα
616 2475 650 2510 οὐκ
664 2476 754 2518 ἐποίησας
772 2476 836 2516 καλῶς.

0 2527 7 2538 ’-
43 2526 61 2547 οι
69 2518 183 2562 mutaturam
189 2518 246 2560 ὁσίως
254 2519 276 2556 τὰ
285 2520 328 2556 ὅσια
339 2519 423 2565 corruet
451 2519 496 2565 καλὴ
504 2519 539 2568 γὰρ
548 2520 632 2564 educate,
642 2518 694 2556 ὁπότ’
705 2518 729 2556 ἂν
740 2519 765 2561 ὡς
773 2519 783 2556 ὃ
792 2519 838 2561 θεὸς

55 2572 113 2615 carae.
136 2564 163 2598 Ad
184 2567 254 2601 verbum
272 2568 291 2601 in
310 2568 352 2602 Vita
367 2569 423 2601 Lucae
452 2566 535 2602 ἐκέλευσε
548 2569 623 2612 γίνηται
641 2564 753 2612 (γένηταιθ
769 2572 837 2602 nostrae

48 2609 196 2645 unomromoa
220 2614 297 2646 Auctarii
306 2613 424 2647 Oombefisiani
452 2609 508 2658 Epir.)
521 2614 572 2646 huius
585 2613 653 2658 periodi
666 2624 702 2648 var.
717 2614 768 2647 lectio
780 2618 806 2648 est
819 2615 838 2648 iu

55 2661 80 2709 ag.
87 2650 126 2708 9335.
135 2652 157 2690 τὸ
164 2654 200 2706 γὰρ
208 2655 271 2700 καλὸν,
280 2656 303 2693 οὔ
311 2655 377 2701 καλὸν,
386 2671 423 2705 φοι-
452 2663 511 2693 nostra
518 2659 566 2704 Epit.
578 2663 595 2692 et
605 2660 626 2693 ai.
635 2670 662 2704 ap.
671 2660 708 2694 ca.
721 2679 746 2684 —
760 2656 779 2705 9)
791 2662 837 2703 Lege

56 2708 81 2739 ιν,
95 2711 141 2752 οταν
148 2700 174 2749 μὴ
183 2703 242 2743 καλῶς
253 2707 336 2750 γίνοιτο,
352 2708 369 2738 et
379 2705 424 2750 apud
453 2703 676 2751 rivays‘rvqinlndieativo.
686 2708 760 2740 Glem-
768 2703 798 2751 10)
806 2718 837 2751 γε-

55 2749 293 2831 ἐῗεῠτῖᾚλὲιῖοέὲοὲἒᾶιὲῖωὸ
301 2748 399 2831 Οτειῐχῧῧὶ
407 2762 424 2804 p.
454 2752 536 2831 vopepqv
544 2752 605 2830 ciplD.
613 2752 733 2832 §Ubissssleqffi'
744 2750 837 2833 ppzqtrir-

56 2834 121 2877 ι’νηται.
136 2839 210 2884 Parique
217 2808 426 2877 brodo’ZrIiiaIrirbnittizOssic
454 2809 555 2889 Ξῗῑοπὲοας
568 2794 693 2891 hiim—(⁰913)
700 2825 755 2893 Ιἀμὴν
766 2796 837 2893 bitini.

56 2889 104 2913 ouem
115 2883 230 2927 Gangrensem
238 2884 265 2922 14.
280 2889 426 2922 etBalsamonin
454 2890 479 2923 Io.
489 2887 506 2932 3,
515 2887 532 2923 5.
795 2908 796 2911 ¹

701 2949 710 2975 2
