1827 3065
182 127 213 160 an
222 128 355 161 ournnrrrs
364 128 418 161 aori,
428 128 492 166 caan
500 129 552 162 rna.
560 127 682 161 normas.
785 118 826 160 321

33 228 87 263 dum:
101 225 158 262 αὐτὸν
174 225 204 262 ὑπ’
218 226 285 268 αὐτοῦ,
298 238 338 263 nou
351 227 410 264 αὐτὸν
418 228 449 276 ὑφ’
460 229 528 271 αὑτοῦ,
544 229 589 274 post
600 226 715 273 Elmslejum
726 225 752 262 ad
763 226 810 262 Euri
824 254 828 262 .

32 271 131 310 Heraclid.
143 285 159 305 v.
172 271 207 307 144
218 275 238 307 et
253 271 288 308 814
302 276 361 319 atque
373 274 519 320 Bernhardynm
536 274 590 322 Synt.
604 286 623 321 po
634 273 669 309 287
681 273 756 308 monuit
769 273 794 308 H.
805 240 827 309 d

33 318 139 355 Ahrensius
152 317 176 354 de
188 317 273 353 Dialect.
282 317 328 354 Dor.
340 331 358 365 p.
372 318 412 356 274.
426 341 449 346 —
462 320 534 357 V.18s
549 333 566 368 q.
581 320 610 356 ita
622 319 766 366 scriptumest:
783 318 829 369 μητι

33 369 119 415 νομίσῃς,
129 363 153 405 ὡς
161 363 226 408 ἐπειδὴ
236 368 262 404 εἰς
274 364 354 401 ἕκαστον
362 364 463 413 κεῳόλαιον
472 369 530 412 ζητῶν
549 365 575 415 σε]
586 364 748 415 συνετιθέμηνώς
756 368 828 415 πληρο-

34 412 154 460 ηιορουμενος
163 411 192 457 εἰμ’
202 410 267 458 ἕτερον
276 409 379 458 ἐρχόμενον
387 410 488 459 κεφάλαιον
492 425 500 457 r'
512 411 545 449 ἀλλ
561 413 637 460 ἀγνοίας
649 424 681 449 σοι
693 410 714 448 τό
724 414 829 448 πείθεσθαι,

34 461 130 504 παρεῖχον,
143 458 174 490 ἵνα
182 455 211 491 ἔν’
220 453 264 491 dllo
273 456 330 504 ἔλθῇς
338 454 448 503 κεφάλαιον,
462 457 514 498 ὅπως
522 458 583 503 πόσης
593 458 670 504 ἀγνοίας
679 468 715 494 σου
722 455 794 504 μαθών
802 455 829 504 μὴ

0 534 1 547 3
34 500 173 548 στοχαζόμενος
186 498 318 548 καταγινώσκειν
331 512 370 536 σου.
386 501 432 538 ἀλλὰ
445 504 658 552 πεπληροφορημὲμιῳν]
673 505 710 539 νῦν
723 502 759 548 ἤδη
772 503 829 549 τριῶν

34 546 109 594 ἡμερῶν
119 561 154 594 μοι
168 544 299 592 συγχώρησον,
315 549 345 581 καὶ
358 545 419 582 ἐλθὼν
428 548 482 587 δείξω
491 560 512 584 σε
520 551 580 595 μηδὲν
592 547 660 584 εἰδότα.
685 546 767 583 Scatent
778 547 828 582 haec

34 591 115 627 mendis.
138 590 167 626 Ac
178 592 260 637 primum
272 590 349 636 quidem
364 605 384 628 σε
395 602 407 626 a
417 590 518 628 Dresselic
532 593 557 629 ad
568 593 657 629 lacunam
671 593 787 640 explendam
800 592 829 627 in-

0 663 1 666 *
34 640 111 674 vectum
119 637 187 683 nequit
195 636 246 673 ferri.
259 635 395 686 Scribendum:
405 649 440 674 σοι
448 664 452 682 ,
462 637 512 685 quod
518 640 597 675 verbum
603 642 643 674 tam
650 651 693 675 cum
700 642 829 688 ουνετιθεμην

0 715 1 732 3
35 695 91 731 quam
100 694 143 718 curn
153 685 211 728 ζητῶν
220 682 260 719 retr.
267 681 351 728 patto,
357 682 396 729 394,
406 683 435 730 13)
445 687 554 721 construere
562 685 614 721 licet.
627 685 704 721 Deinde
712 689 800 732 apparet,
807 685 829 720 in

0 737 2 772 ξ
34 729 99 766 verbis
111 729 143 764 vel
154 732 199 774 post
207 729 266 764 verba
278 729 302 770 ὠς
312 729 524 779 ιιληροῳοροώμενος-
532 730 634 778 κεφάλαιον
642 731 738 767 excidisse
748 731 828 767 verbum

0 776 1 804 ἒ
34 773 173 821 finitum,quod
179 778 280 819 vocant‚ex
287 774 316 819 ώς,
324 775 375 820 quod
382 778 463 810 estante
471 776 543 821 ἐπειδὴ,
549 777 641 823 pendens.
649 775 828 823 Conjiciataliquis‚

0 824 2 830 “
35 821 127 867 scriptum
141 819 212 855 fuisse:
228 820 355 869 ἠνειχόμην
367 821 503 869 ἐρχόμενον,
515 822 555 857 vel:
574 823 637 867 ἕτερον
651 821 758 870 ἠρχόμην
770 821 828 869 κειρό-

0 883 1 901 i
35 870 93 902 λαιον.
118 866 165 900 Post
176 864 291 901 vocabulum
302 864 404 913 κεφάλαιον
412 868 484 912 puncto
496 866 625 903 incidendum.
637 867 714 911 Deinde
723 867 828 912 legendum

0 923 2 953 ᾗ
35 911 120 946 videtur:
130 910 176 947 ἀλλ’
185 911 268 957 ἀγνοίᾳ
278 922 307 946 σοι
317 912 351 946 τοῦ
360 915 462 947 πείθεσθαι
474 910 543 951 δόξαν
553 917 653 958 παρεῖχον,
663 915 709 948 cett
734 912 800 947 Codex
812 909 828 946 Ο

35 956 125 1003 praebet:
136 957 170 992 τοῦ
182 960 290 993 πείθεσθαι.
307 955 382 991 Pendet
390 955 423 992 lric
432 956 529 1003 genitivus
540 968 563 993 ex
573 957 634 998 δόξαν,
645 957 722 994 dativus
731 957 799 1004 εἰγνοίρ
806 967 829 992 ex

0 1003 2 1045 }
36 1007 144 1044 πείθεσθαι,
154 1001 229 1037 dativus
240 1014 270 1038 σοι
279 1012 301 1037 ex
310 1008 437 1050 παρεῖχον-
446 1001 502 1044 Quod
510 1001 536 1038 ad
545 1007 642 1050 postrema
649 1002 709 1039 verba
717 1002 789 1039 attinet
798 1004 829 1049 (ne

0 1047 2 1082 ἓ
35 1047 123 1096 pluribus
137 1046 219 1083 refutem
228 1047 323 1084 Dresselii
336 1048 460 1093 sententiam,
475 1052 676 1098 πεπληροφορημένων
691 1048 793 1084 scribentis
810 1051 830 1084 et

0 1108 1 1111 ¹
36 1106 80 1130 cum
92 1093 167 1143 ἡμερῶν
178 1094 307 1129 construentis
318 1097 376 1140 atque
387 1094 416 1130 ita
426 1095 582 1140 interpretantis:
593 1106 665 1140 „quum
674 1096 716 1140 jam
726 1095 830 1140 praeterle-

0 1152 2 1178 ¹3
35 1139 102 1186 rint“)‚
113 1150 181 1175 moneo
189 1140 331 1183 tantummodo,
345 1152 384 1175 uon
392 1140 470 1175 tertium
478 1140 538 1184 hunc,
552 1140 622 1186 dequo
629 1141 670 1185 jam
678 1150 739 1174 sermo
748 1143 787 1181 est,
796 1138 831 1174 sed

0 1198 1 1202 ¹
36 1188 125 1231 quartum
138 1196 182 1220 esse
195 1184 331 1231 disputationis
344 1185 400 1220 diem.
424 1185 527 1220 Praeterea
542 1196 581 1220 non
596 1187 626 1219 est
641 1183 721 1219 ferenda
734 1183 832 1220 Dresselii
859 1202 861 1205 ·

36 1230 140 1276 explicatio
155 1231 263 1265 verborum:
278 1244 313 1277 μοι
325 1229 446 1278 συγχώρησον
458 1234 478 1264 et
491 1229 560 1271 ἐλθών,
573 1240 662 1272 „meeum
674 1228 760 1264 dissere‘
772 1233 831 1275 atquc

0 1276 2 1320 ζ
37 1274 194 1319 ,,οοιιΐίαυανᾱο“
208 1274 361 1320 interpretantis3
374 1274 454 1318 sedile,
469 1285 517 1320 quae
529 1277 643 1319 sequuntur,
655 1273 715 1320 probe
725 1274 831 1320 perpensis,

37 1320 132 1364 elucebit,
143 1322 188 1366 post
199 1334 233 1368 μοι
245 1319 367 1367 συγχώρησον
379 1319 447 1363 [‚‚milri
456 1318 567 1365 permitte“)
579 1318 703 1354 intercidisse
715 1317 831 1354 infinitivum

37 1366 91 1402 verbi
103 1366 185 1410 alicujus
195 1365 273 1400 notione
281 1364 366 1401 abeundi
376 1365 407 1400 vel
421 1364 521 1400 absentiae
533 1364 629 1400 instructi.
652 1365 698 1401 Jam
706 1376 763 1411 quum
771 1364 832 1401 codex
868 1375 870 1378 ·

0 1413 3 1459 ξ
38 1410 53 1446 0
62 1423 96 1459 pro
105 1416 140 1448 νῦν
148 1412 182 1457 ἤδη
190 1411 292 1457 praebeat:
301 1412 337 1447 νῦν
346 1413 371 1454 dt,
378 1422 418 1446 non
424 1411 498 1457 dubito,
505 1410 551 1457 quin
557 1410 612 1446 locus
620 1411 648 1446 ita
656 1411 682 1446 sit
689 1411 830 1447 restituendus:

0 1460 3 1479 ἱ
36 1479 60 1484 -
69 1457 151 1498 ὅπως-
160 1457 187 1503 μὴ
196 1456 334 1503 στοχαζόμενος
341 1456 474 1504 ναταγινώσκαι
484 1468 524 1500 σου,
533 1455 580 1493 ἀλλὰ
587 1460 788 1507 πεπληροφορημένος.
797 1460 832 1495 νῦν

0 1533 2 1550 ,Α
38 1505 60 1540 δὲ
68 1504 126 1549 τριῶν
134 1502 208 1551 ἡμερῶν
219 1517 253 1550 μοι.
264 1500 387 1550 συγχώρησον
398 1501 554 1550 ὑποχωρῆσαι.
570 1501 631 1544 Quam
641 1503 719 1550 egregie
728 1502 766 1538 sibi
774 1514 832 1549 oppo-

0 1551 1 1582 ἶ
38 1548 77 1583 sita
86 1548 125 1583 sint
134 1549 192 1584 verba
201 1546 338 1593 στοχαζόμενος
346 1551 366 1582 et
374 1551 577 1595 τιειτληροηιορημενος,
586 1549 723 1593 „conjectare
733 1551 752 1583 et
761 1549 832 1594 „plane

0 1608 1 1611 ¹
37 1604 146 1640 persuasus,
155 1596 207 1628 certo
217 1594 292 1627 sciense
301 1592 343 1634 (cfr,
352 1605 370 1638 p.
380 1593 407 1635 17,
417 1593 452 1634 16),
464 1593 515 1628 ultro
526 1596 610 1638 apparet.

84 1638 106 1672 P.
113 1638 154 1682 394,
164 1640 174 1673 7
186 1637 290 1684 προλήψεις
317 1651 339 1672 ου
350 1641 396 1673 κατέ
408 1651 450 1682 ιερες
459 1636 558 1684 significat
566 1637 720 1683 „praejudicatas
729 1637 830 1683 opiniones

39 1687 107 1719 contra
115 1694 145 1717 me
153 1682 283 1729 proferebas“.
318 1692 369 1727 ocus,
378 1650 469 1728 adonem
476 1681 557 1728 respicit
566 1682 637 1727 Simon,
647 1685 677 1717 est
684 1694 703 1728 p.
711 1682 752 1727 318,
761 1682 804 1729 tlsq.
810 1703 832 1709 —-

37 1727 61 1765 V.
70 1730 81 1764 9
89 1728 110 1763 in
118 1731 207 1775 corrupta
218 1726 291 1763 codicis
302 1727 403 1773 scriptura:
411 1732 442 1764 καὶ
450 1731 470 1763 τί
478 1740 508 1765 σοι
517 1732 609 1777 φαίνομαι
619 1728 681 1776 ὀρθῶς
692 1732 763 1777 κρίνειν
771 1727 830 1772 εἰδώς,

38 1773 50 1819 ἢ
59 1773 92 1817 οἰι’;
103 1772 145 1810 fieri
153 1777 219 1820 potest
229 1777 252 1809 ut
259 1776 304 1819 post
311 1777 342 1809 καὶ
349 1773 423 1820 aliquid
431 1773 557 1809 interciderit.
582 1774 624 1817 Quo
632 1774 720 1820 probato,
730 1774 832 1819 sequentia

38 1821 98 1857 verba
106 1820 134 1856 sic
145 1823 201 1855 erunt
214 1818 358 1855 constituenda:
373 1823 393 1856 τί
400 1832 431 1855 σοι
439 1824 541 1870 ῳαίνομαι;
554 1818 564 1865 ἢ
573 1819 637 1870 ὀρθῶς
645 1823 691 1856 cett.
705 1841 728 1846 -
742 1819 766 1856 V.
775 1821 832 1866 resq.

39 1867 93 1903 locus
106 1869 135 1901 est
147 1865 233 1901 difficilis
246 1864 271 1900 ad
282 1865 424 1901 restituendum
435 1876 472 1900 nec
482 1864 570 1912 profecto
583 1865 703 1901 aDresselio
715 1868 795 1901 sanatus
803 1865 832 1902 ita

40 1912 147 1947 scribente:
162 1915 178 1947 εἰ
188 1913 225 1959 μὲν
236 1910 271 1959 γὰρ
284 1909 346 1958 ὀρθῶς
356 1909 445 1957 κρίναντιί
456 1925 480 1958 με
492 1915 556 1958 ῳαίης,
568 1910 594 1958 μὴ
606 1913 676 1960 συνθῇ,
687 1913 719 1947 ἴνα
732 1911 759 1959 μὴ
774 1916 832 1960 φαίνῃ

39 1959 200 2005 προειλημμένος,
213 1955 261 1991 ὁκαὶ
272 1955 320 2004 μετὰ
329 1954 433 2002 ὁμολογίαν
440 1954 618 2000 ἥττῳυμυνθέσθαι
626 1956 652 2003 μὴ
662 1958 730 1993 θέλων.
754 1956 791 1991 Pro
801 1959 832 1993 ἴνα

39 2004 66 2051 μὴ
75 2005 133 2050 φαίνη
141 2001 203 2036 codex
211 1998 226 2035 Ο
235 1999 325 2045 praebet:
335 2002 355 2037 dt
365 2000 388 2037 σὺ
397 2004 462 2049 ῳαίνη,
472 2003 491 2036 et
499 2001 558 2045 ἧτταν
565 2013 599 2047 pro
609 2000 675 2045 ἥττων.
688 1998 833 2036 Sententiarum

40 2058 100 2084 nexus
111 2045 211 2093 postulare
222 2046 307 2089 videtur,
319 2049 341 2080 ut
355 2045 372 2081 is
385 2046 418 2091 qui
428 2046 514 2091 loquitur
526 2044 623 2081 Simonem
634 2046 705 2090 jubeat
717 2045 834 2092 adstipulari

42 2092 163 2137 (συνθέσθαι)
172 2091 237 2127 Petro.
252 2090 305 2138 Ergo
314 2091 363 2127 haec
371 2090 411 2127 fere
419 2092 483 2138 posita
492 2089 553 2127 fuisse
561 2092 621 2127 verba
627 2089 720 2137 conjicias
726 2104 730 2125 :
736 2112 762 2120 »-
770 2092 832 2139 φαίης,

40 2139 67 2188 μὴ
76 2137 175 2188 ὀκνήσῃς
187 2141 324 2180 συνθέσθαι,
336 2137 362 2186 μὴ
374 2142 431 2187 φιιίνη
440 2140 591 2185 προειλημμένος
600 2136 627 2177 ῶς
634 2141 664 2173 καὶ
672 2136 720 2185 μετὰ
728 2136 832 2186 ὁμολογίαν

40 2185 109 2230 ἥττης
121 2188 228 2221 συνθέσθαι
237 2183 262 2227 νὴ
274 2187 341 2220 θέλων.
353 2183 384 2219 De
393 2194 429 2218 usu
437 2183 492 2219 verbi
501 2186 661 2232 ιιροειλημμένος,
670 2181 832 2229 „deprehensus,“

41 2231 75 2266 cfr.
85 2230 129 2275 Sap.
138 2229 208 2265 Salom.
218 2219 281 2273 XVII,
291 2230 312 2264 17
320 2232 341 2264 et
348 2228 409 2274 Epist.
418 2227 599 2273 adGalat.VI‚1.—
605 2228 628 2264 V.
638 2229 660 2264 12
665 2238 693 2274 sq.
702 2228 833 2275 apographum

41 2275 188 2311 Dresselianum
198 2274 312 2320 praebebat:
326 2273 467 2322 ἀποῳαινιηιην.
475 2294 499 2300 -
509 2273 562 2318 Mox,
570 2286 588 2309 r.
596 2273 618 2308 13
623 2284 670 2320 sqq„
680 2274 729 2309 haec
737 2274 834 2309 hahentur

41 2321 104 2356 edita:
112 2342 135 2346 —
143 2319 155 2365 ἢ
164 2322 197 2355 τοῦ
206 2323 266 2363 ζητεῖν
274 2318 326 2365 αἰτῶ
333 2320 364 2354 ἐπὶ
373 2317 449 2355 πάντων
461 2318 488 2365 μὴ
500 2319 572 2368 παύσῃ,
584 2320 626 2355 ἐπεὶ
636 2320 689 2356 ἔσται
702 2331 732 2355 σοι
743 2318 834 2356 ἑκάστοτε

42 2366 145 2411 ἡττωμένῳ
153 2369 184 2400 καὶ
193 2368 328 2412 συντιθεμένῳ.
339 2362 351 2408 ἢ
363 2365 384 2399 dd
396 2363 417 2399 τὸ
426 2365 522 2401 αἰδεῖσθαι
531 2365 579 2411 όχεις
587 2363 625 2401 ἀπὸ
635 2364 713 2401 πάντων
721 2366 758 2400 τῶν
766 2364 834 2412 dapen-

43 2414 81 2448 τῶν
89 2412 131 2447 ἀντὶ
140 2414 229 2457 μεγίστης
237 2413 328 2458 τιμωρίας
337 2413 518 2457 καταγινωσκομένῳ
529 2413 560 2446 καὶ
574 2409 716 2458 ιῖσχημονοῦντι.
725 2407 762 2444 ὑπὸ
772 2421 833 2445 συνει-

43 2456 115 2503 δήσεως
127 2445 161 2501 την
176 2456 255 2492 σεαυτοῦ
264 2454 326 2501 ἀλγεῖν
338 2454 406 2501 ψυχήν.
429 2454 467 2489 Pro
482 2455 533 2502 αὐτῷ
544 2466 580 2502 apo
595 2454 676 2502 taphum
689 2453 835 2490 Dresselianum

42 2501 196 2550 praebctnrdroi.
215 2500 268 2536 lllud
276 2510 312 2546 ego
320 2499 406 2545 recipere
414 2512 454 2536 non
463 2499 554 2536 dubitavi.
598 2513 628 2537 am
635 2500 719 2536 dictione
729 2503 788 2545 ζητεῖν
797 2513 836 2537 τινι

43 2547 121 2594 saepius
129 2558 175 2582 usus
185 2549 215 2582 est
222 2545 255 2581 hic
264 2546 345 2593 scriptor
358 2545 398 2589 (cfr.
406 2546 470 2582 adnot,
480 2547 504 2582 ad
513 2559 530 2593 p.
539 2547 579 2593 393,
592 2547 610 2582 18
617 2548 664 2592 sqq.)
677 2549 696 2581 et
705 2557 751 2581 sane
760 2544 834 2591 pluries

43 2594 63 2629 in
76 2592 144 2629 codice
157 2590 172 2627 0
186 2591 275 2627 similiter
287 2591 377 2627 omissum
388 2597 419 2627 est
428 2592 470 2627 iota
484 2593 619 2639 subscriptum.
644 2591 683 2629 Sed
693 2591 762 2637 procul
775 2591 834 2628 dubio

43 2639 100 2675 valde
108 2638 186 2675 turbata
200 2641 245 2673 sunt
255 2638 324 2680 verba,
339 2649 388 2685 quae
400 2637 445 2673 iude
457 2638 481 2674 ab
494 2640 535 2675 ἐπεὶ
550 2640 602 2674 ἔσται
613 2638 707 2684 leguntur.
730 2635 796 2672 Locus
808 2637 836 2674 ita

42 2684 175 2721 restituendus
183 2683 270 2718 videtur:
282 2684 324 2718 ἐπεὶ
335 2685 387 2720 ἔσται
399 2694 430 2719 σοι
442 2683 529 2720 ἑκάστοτε
541 2685 642 2731 ἡττωμένῳ
654 2685 684 2718 καὶ
697 2686 835 2731 συντιθεμένῳ,

44 2734 64 2766 εἰ
73 2731 85 2765 d
88 2729 99 2774 ὴ
108 2729 130 2766 τὸ
138 2730 234 2766 αἰδεῖσθαι
242 2730 281 2764 ἐπὶ
289 2743 302 2764 τι
309 2727 383 2764 όντων
393 2732 430 2765 τῶν
437 2729 534 2775 ἀκροατῶν
540 2730 587 2775 ἔχεις
593 2728 635 2764 ιἰντὶ
640 2730 731 2775 μεγίστης
737 2732 835 2777 τιμωρίας,

43 2786 171 2822 καταγινωσκο
185 2778 224 2821 ,ἐνῳ
234 2777 279 2809 cett.
302 2774 354 2809 Fieri
366 2773 425 2809 etiam
435 2777 530 2820 potestat
540 2777 588 2819 ἔχεις
599 2776 644 2818 post
654 2777 745 2821 μεγίστης
752 2774 782 2808 vel
792 2776 837 2817 post

45 2824 135 2870 τιμωρίας
146 2790 263 2856 collocatum
273 2817 337 2856 fuerit.
361 2818 496 2856 construenda
510 2820 578 2855 rerba:
595 2819 647 2855 ἔσται
659 2830 690 2855 σοι
700 2817 769 2867 ἀλγεῖν.
791 2819 836 2855 ’Eat

700 2878 717 2904 21
