1827 3065
182 105 685 144 roonnnrnnmsaomonrnrnnnonnms.
789 93 831 138 323

0 211 4 241 ἰ
37 206 88 243 enim
96 204 151 251 plura
162 206 233 241 menda
245 209 318 241 certum
330 212 365 242 est.
388 206 415 241 Et
439 206 508 242 nimum
520 205 598 253 quidem
609 204 671 240 dictio
683 208 714 241 καλ
725 204 835 245 intrarem·

0 260 3 295 ξ
37 263 75 289 non
87 253 158 297 potest.
183 250 248 286 Sensit
263 251 358 296 ejusmodi
370 219 546 298 quidibesselius,
560 252 620 288 verba
635 251 664 286 sic
677 250 738 286 latina
749 249 833 286 faciens:

0 298 4 338 ξ
37 308 83 344 „rex
92 301 111 332 et
119 295 167 343 ipse,
175 296 236 331 futuri
244 296 322 342 quidem
330 297 390 333 aevi“.
415 296 454 333 Sed
465 297 514 334 haec
525 299 589 334 locum
602 295 752 344 capiendiratio
761 295 835 331 nullam
860 329 862 333 ,

38 342 98 380 babet
125 341 276 378 robabilitatcm.
299 340 331 377 Au
349 343 443 389 scriptum
458 346 508 379 crat:
525 345 650 390 κληοοιτὸς,
667 341 759 377 similiter
776 345 835 386 atque

0 414 3 433 ι,
38 391 96 425 antea
118 387 195 423 ealtem
203 398 249 434 rege
256 387 330 423 dictum
339 392 376 423 cst:
384 388 488 435 βασιλεύειν
493 379 646 436 perprobavit?
657 387 735 424 Deinde
744 387 765 422 in
771 387 835 423 verbis

2 447 4 450 ·
39 437 59 472 ἓν
71 438 112 474 τοῖς
123 436 207 482 παροῦσι
218 432 342 469 intercidisse
353 434 468 480 particulam
479 436 565 481 aliquam
577 435 729 478 adversativam,
744 443 790 468 vero
805 436 836 468 est

0 489 3 522 ᾗ
39 478 108 515 simile.
124 478 214 525 Denique
223 478 290 515 dubito
300 491 325 514 an
333 483 373 514 tam
382 480 536 526 supplementum
542 480 639 516 Dresselii
646 480 684 516 ἀλλ’
694 491 751 526 quam
760 478 835 515 codicis

0 530 4 550 ³
38 524 134 571 scriptura
143 524 166 565 ὥς
175 525 279 571 genuinam
288 524 386 571 scriptoris
395 536 471 560 manum
480 537 518 561 nou
526 530 617 572 praestet.
632 526 711 572 Ergone
719 523 835 573 legendum:

0 601 4 618 5
39 573 59 608 ἓν
68 572 93 607 δὲ
101 574 142 610 τοῖς
149 573 242 615 παροῦσι,
255 569 289 614 την
298 574 404 617 παρρησίαν
416 572 466 618 ἔχειν
476 570 499 607 οὐ
511 571 621 621 δυνάμενος,
635 569 726 619 [rodheri
728 586 738 612 ς
750 571 786 619 (sc.
795 576 836 611 τοῖς

0 625 4 658 j
38 614 167 664 ἀνθρώποις),
179 620 207 656 τίς
219 615 261 652 ποτ’
274 618 315 652 ἐστὶ
326 615 427 652 λανθάνειν
438 615 564 664 πειρώμενος,
577 616 600 653 τί(
612 622 735 666 σιννφέροντα
750 623 835 664 συμβου-

0 662 4 667 ’
61 660 102 698 zio?
112 682 136 688 —
144 661 167 697 V.
175 659 199 695 14
206 661 318 696 Dresselins
327 660 414 706 scripsit:
423 663 461 698 τῶν
469 654 491 699 dt
500 662 534 699 όόο
543 662 616 699 τούτων
624 649 640 711 [ό
650 661 718 710 ἕτερος]
729 663 763 699 τὸν
770 664 835 711 ἕτερον

60 706 145 754 βιάζεται.
169 706 195 742 Et
204 718 250 742 sane
262 707 333 743 lacuna
344 709 378 742 aut
389 706 425 742 hoc
434 708 492 744 modo
506 708 600 754 explenda
609 711 639 744 est
647 709 688 754 (cfr.
696 720 715 754 p.
724 708 764 753 329,
773 708 791 753 6)
800 710 835 744 aut

60 765 77 797 a,
85 756 107 787 nt
115 749 226 801 ἑκάτερος
234 752 336 797 inseratur,
346 764 383 799 qno
393 752 417 788 de
425 753 463 788 vid.
486 781 490 786 .
498 754 539 798 387,
548 755 576 789 m.

86 798 107 833 Ρ,
116 798 177 843 398,ss
189 798 277 834 dubitare
289 797 344 841 licet,
358 810 393 844 pro
406 800 460 843 δίκην
472 804 562 845 υπέσχειν
573 803 636 835 utrum
648 801 664 835 ιλ.
677 798 771 846 ὑποσχεῖν
783 800 834 835 and.

41 843 120 890 ὑπέχειν
128 843 251 879 scribendum
266 844 296 878 sit.
320 842 369 878 Mihi
384 847 475 880 accentus
489 846 564 881 ratione
577 844 645 881 habita
661 844 742 880 alterum
755 843 834 880 facilius

1 890 3 894 “
41 889 124 935 'leoque
132 888 253 935 probabilius
261 890 343 926 videtur.
363 887 395 924 An
404 890 447 935 quis
455 890 554 926 existimat
561 891 645 937 positum
653 889 724 925 fuisse:
733 889 836 936 ὑπίσχεινῗ

0 952 3 982 ι
40 934 94 971 ——V.
103 936 125 970 10
131 945 158 980 sq.
168 946 225 981 quarm
234 934 371 983 συμβεβηκόσιν
379 935 467 981 ineptum
475 939 495 971 et
503 935 561 973 verbo
573 936 629 972 finito
642 947 690 982 opus
700 935 734 980 sit,
749 947 788 971 non
801 936 835 970 dn-

0 985 4 1029 ζ
40 981 88 1026 bito,
98 980 144 1027 quin
152 980 257 1026 legendum
265 981 301 1016 sit:
314 982 414 1030 συμβεβή
420 994 494 1025 astuto,
508 982 558 1027 „orti
567 984 630 1018 suut“.
638 1003 662 1009 —
677 980 700 1017 V.
709 980 835 1039 18sqq.haec

0 1030 4 1060 ἔ
41 1025 135 1062 habemus
143 1027 211 1063 verba:
221 1026 267 1064 ὅθεν
276 1025 298 1072 δὴ
307 1031 338 1063 καὶ
346 1028 407 1074 πατὴρ
416 1027 505 1074 τυγχάνει
513 1027 574 1074 πάσης
583 1029 648 1069 οὐσίτις
654 1026 711 1073 οόσης
718 1041 795 1076 γνωμης
803 1031 836 1073 τῆς

0 1078 3 1110 Ξ
43 1072 90 1108 κατὰ
98 1072 133 1117 τὴν
140 1076 215 1120 κρᾶσιν
224 1074 258 1113 ἔξω
266 1072 300 1118 γὰρ
308 1078 406 1122 κραῧεῖσιν
413 1073 478 1114 αὐτοῖς
490 1073 515 1114 ώς
524 1074 590 1111 τεκνὸν
598 1074 609 1119 ἡ
618 1078 730 1121 προαίρεσις
737 1071 835 1119 ἐγεννήθη.

0 1122 3 1163 ssj
43 1117 129 1160 Quorum
137 1118 219 1164 priorem
227 1123 302 1164 partem
310 1121 418 1164 corruptam
426 1129 469 1154 esse
477 1131 511 1165 pro
520 1123 573 1155 certo
582 1118 651 1155 habeo
668 1118 765 1155 Videntur
773 1122 836 1152 autem

43 1162 95 1198 inter
103 1163 168 1204 οὐσίας
177 1166 196 1199 et
204 1162 260 1208 οἰίσης
265 1164 320 1209 plura
326 1163 384 1199 verba
391 1164 492 1209 excidisse,
501 1164 521 1198 in
528 1163 597 1209 quibus
604 1163 629 1199 de
635 1166 679 1198 ortu
686 1163 765 1197 duorum
770 1173 838 1208 regum

0 1209 3 1221 ²
43 1208 76 1243 vel
89 1208 158 1243 ducum
171 1219 231 1244 sermo
240 1212 287 1244 erat.
310 1208 342 1243 Ad
356 1208 393 1245 hos
407 1209 459 1244 enim
470 1213 547 1255 spectat
561 1208 675 1244 vocabulum
691 1208 761 1249 αὐτοῖς,
784 1208 837 1243 Ante

42 1253 90 1292 ὅθεν
98 1253 121 1299 (λη
131 1257 203 1299 puncto
212 1254 285 1290 minore
293 1253 423 1290 incidendum.

0 1301 3 1342 ξ
88 1299 110 1335 Ρ.
118 1299 157 1343 339,
166 1300 177 1335 7
182 1310 222 1346 sqq.
234 1299 343 1335 Dresselins
355 1299 441 1346 scripsit:
454 1298 501 1337 ὅθεν
514 1304 545 1335 καὶ
556 1299 591 1345 την
605 1301 720 1347 ἐπιθυμίαν,
736 1300 760 1340 ὦς
771 1297 838 1336 tiron

0 1344 3 1361 ⁵
43 1344 121 1395 εἶ[πον],
134 1346 227 1391 διαδοχὴν
237 1350 279 1391 βίον
287 1347 370 1392 ἔχοντες,
384 1344 453 1390 ταύτην
463 1348 630 1394 πληροφοροῦσιν)
642 1345 667 1386 ὡς
675 1346 740 1392 ἔτυχεν
747 1344 836 1395 taltorta]

43 1393 120 1429 παίδων
128 1393 197 1439 adoriri,
208 1390 219 1436 ἢ
226 1391 271 1441 ἕέλλη
280 1395 317 1428 τινὶ
328 1390 453 1440 κολακευούση
461 1390 549 1441 ἁμαρτία,
563 1391 619 1434 Quod
626 1391 689 1437 priore
697 1391 767 1426 lacuna
774 1396 838 1436 poste-

41 1436 111 1472 riorem
122 1437 177 1472 verbi
191 1439 247 1472 εἷπον
263 1436 359 1483 syllabam
374 1436 485 1482 absorptam
499 1448 542 1472 esse
556 1436 683 1479 existimavit,
697 1436 765 1483 procul
779 1436 838 1472 dnbio

42 1493 107 1517 verum
116 1481 171 1516 vidit.
185 1480 223 1517 Gn.
233 1482 256 1517 de
264 1493 284 1518 re
293 1494 311 1527 p.
317 1481 357 1526 390,
365 1483 432 1528 18sqq.
445 1481 484 1517 Sed
491 1493 571 1517 necesse
578 1487 608 1518 est
615 1487 660 1529 post
667 1482 717 1517 illud
724 1482 838 1518 vocabulum

44 1527 102 1563 etiam
117 1527 211 1563 exciderit
223 1527 341 1573 praepositio
353 1531 383 1567 εἰς
405 1531 440 1567 Εἰς
451 1527 542 1574 διαδοχὴν
554 1534 597 1573 βίον
610 1539 687 1573 prorsus
698 1529 803 1573 respondet
814 1527 838 1572 ei,

0 1613 2 1619 ‚
43 1574 96 1619 quod
103 1573 170 1620 paullo
178 1573 234 1617 infra,
243 1585 260 1608 v.
269 1574 297 1617 13,
305 1573 407 1620 reperit-nr:
418 1577 450 1609 ἵνα
458 1571 537 1620 διαδοχὴ
546 1578 589 1620 βίον
596 1577 678 1621 γένηται..
691 1573 778 1609 Alteram
786 1573 838 1609 lacu-

0 1620 3 1638 *
43 1631 87 1655 nam
100 1630 111 1654 a
119 1618 160 1655 viro
169 1619 226 1655 docto
235 1619 301 1665 inepte
310 1618 406 1665 expletam
414 1629 466 1664 esse,
479 1619 521 1665 quis
532 1631 571 1655 non
578 1618 659 1664 videat?
672 1619 745 1661 Quouis
756 1619 838 1666 pignore

0 1659 2 1672 '
44 1665 186 1711 contenderim,
200 1665 264 1700 locum
278 1665 306 1700 ita
321 1664 477 1700 constituendum
489 1676 543 1700 esse:
559 1664 628 1709 ταύτην
642 1668 801 1713 πληροφοροῦσιν
814 1664 839 1706 ὡς

0 1718 1 1746 l
44 1713 118 1756 ἔτυχεν,
133 1710 289 1759 ἡμιπεπόνων
302 1711 365 1745 vet—
376 1710 397 1744 id
411 1709 463 1755 quod
470 1709 518 1744 mibi
528 1710 648 1757 probabilius
660 1711 739 1746 videtur
749 1732 773 1737 —-
786 1710 839 1759 ἡμι-

0 1767 1 1784 2
45 1760 166 1802 πεπείρων
180 1757 255 1791 παίδων
269 1758 341 1802 ηιθορηῖ.
364 1754 495 1803 (Ιῆιιιπέπανοι
511 1756 551 1791 sive
570 1755 695 1804 ἡμιπέπειροι
713 1757 781 1796 παῖδες
795 1758 840 1791 sunt

0 1830 1 1843 ,
45 1800 184 1846 „semimaturi,
197 1800 307 1836 semiadulti
319 1799 392 1846 puerii‘.
414 1799 519 1845 Utriusque
531 1801 625 1847 adjectivi
638 1812 684 1836 usus
695 1812 750 1836 rarus
763 1801 840 1847 quidem

0 1882 2 1894 ,Ἰ
45 1850 84 1891 est,
103 1849 124 1881 at
138 1850 226 1882 neutrum
240 1845 260 1881 in
276 1845 418 1882 dubitationem
435 1857 505 1882 vocare
520 1846 573 1883 licet.
597 1846 720 1883 Vocabulum
735 1846 801 1895 φθορὰ
816 1846 841 1882 de

0 1895 2 1938 ξ
44 1891 132 1928 vitiando
146 1892 300 1939 intelligendum.
324 1890 355 1927 Dc
372 1891 470 1927 occisione
481 1891 584 1928 infantium
595 1904 658 1939 neque
669 1892 702 1929 hie
715 1892 841 1940 cogitandum

0 1947 2 1949 ’
45 1948 108 1984 neque
120 1938 163 1974 loco
176 1937 280 1984 consimili,
293 1937 326 1984 qni
338 1940 368 1973 est
376 1950 394 1984 p.
403 1937 442 1982 133,
451 1938 479 1984 10,
493 1938 528 1974 ubi
542 1943 561 1976 οἱ
573 1943 616 1975 drot
629 1938 752 1986 appellantur
766 1940 841 1976 παίδων

46 1989 131 2032 placoris.
144 2004 168 2009 —-
179 1984 279 2020 Adnotatu
290 1984 350 2019 etiam
362 1985 422 2031 digna
432 1983 506 2020 locutio
517 1987 623 2033 ἐπιθυμίαν
634 1989 672 2030 πλη
685 1990 765 2033 οηορεῖν
773 1986 841 2020 eodem

46 2041 109 2074 sensu,
119 2039 156 2074 quo
164 2029 230 2075 paullo
238 2028 288 2065 insta
297 2031 403 2077 surruptas
413 2032 507 2076 πληροῦν7
520 2030 614 2066 adhibita.
631 1999 725 2065 simiiiter
736 2029 808 2065 Paulus
820 2029 842 2065 in

0 2076 1 2080 ’
47 2074 103 2121 epist.
111 2075 132 2110 ll
140 2076 164 2109 ad
174 2074 258 2109 Timotlr.
267 2086 284 2109 v.
292 2073 304 2109 5
311 2075 386 2120 posuit:
401 2074 434 2117 τὴν
443 2078 540 2112 διακονίαν
549 2086 584 2111 σου
591 2075 744 2122 πληροφόρησον,
754 2095 777 2100 —
785 2074 809 2111 V.
818 2073 842 2109 14

0 2126 1 2139 ³
46 2119 177 2167 apographum
185 2119 332 2155 Drcsseliannm
341 2119 454 2165 praebebat:
467 2121 512 2156 iou.

91 2166 112 2200 P.
121 2164 161 2210 400,
171 2165 182 2201 3
192 2165 323 2202 scribendum:
337 2167 356 2202 ἐκ
365 2167 398 2201 τοῦ
405 2164 464 2213 Ἀδὰμ
474 2164 584 2213 ἀνόμοιοί
591 2165 632 2247 {pro
640 2165 700 2215 Ἀδὰμ
707 2163 781 2208 ὁποῖοί)
791 2177 841 2206 τινες

48 2211 102 2253 ὄντες
110 2214 145 2249 tto
154 2211 287 2260 ἐγεννήθησαν,
301 2210 339 2247 cfr.
348 2210 407 2247 etiam
415 2223 433 2248 v,
441 2211 463 2246 10
471 2214 491 2246 et
498 2213 525 2247 11.
532 2232 556 2237 —
563 2211 584 2248 V,
611 2222 645 2258 pro
655 2215 736 2262 νομίσας
744 2210 840 2259 comigen-

0 2296 1 2299 ,
48 2258 103 2293 dum:
118 2263 175 2306 νομί
178 2272 221 2306 οης.
235 2278 259 2283 -
271 2257 295 2293 V.
304 2257 327 2292 73
339 2256 412 2292 codicis
422 2256 437 2292 Ο
450 2256 545 2302 scriptura
553 2260 584 2293 καὶ
592 2256 617 2297 ὠς
624 2257 703 2299 minime
711 2256 803 2292 mutanda
811 2257 840 2291 in:

48 2304 72 2344 ὡς
83 2308 122 2347 καὶ,
137 2302 172 2337 sed
183 2303 214 2337 in:
226 2306 257 2338 καὶ
268 2301 304 2347 τός,
320 2305 391 2346 „atque
403 2302 449 2337 ita“.
459 2322 484 2327 -
494 2301 517 2338 V.
525 2302 548 2337 19
555 2313 582 2348 sq.
594 2302 707 2338 Dresselius
717 2303 745 2338 sic
755 2302 841 2348 scripsit:

47 2349 142 2393 ἄτρεπτον
155 2347 190 2396 γὰρ
200 2352 230 2384 καὶ
240 2347 269 2384 ἀεὶ
281 2346 316 2389 όν,
329 2345 415 2394 liaffirini
430 2345 541 2392 προβάλλειν
552 2351 661 2394 βουληθείη,
676 2347 745 2393 ἀνάγκη
758 2349 810 2384 πᾶσα
819 2347 841 2382 τό

48 2392 203 2442 προβαλλόμενον
211 2392 263 2439 αὐτῷ
271 2390 360 2432 ὡσαύτως
368 2390 429 2439 [εἶναι]
439 2391 461 2428 τὰ
470 2391 532 2429 πάντα
540 2396 567 2440 τηῖ
573 2393 698 2441 γεγεννηκότι,
711 2392 738 2427 At
746 2390 841 2440 ἄτρεπτον

47 2437 159 2474 mutandum
173 2440 215 2473 erat
227 2437 256 2472 in:
268 2437 389 2485 ι’ίτρεπτος.
407 2435 521 2484 emptor,
530 2438 546 2473 1.
570 2438 647 2475 Deinde
655 2437 786 2480 dubitandum,
796 2448 842 2473 num

49 2484 122 2522 ὁπόταν
131 2483 216 2532 genuina
228 2483 254 2518 sit
264 2482 321 2530 hujus
333 2482 431 2530 scriptoris
444 2495 517 2521 manus.
541 2483 637 2532 Equidem
647 2483 712 2531 potius
721 2482 842 2530 conjecerim,

47 2530 137 2578 posuisse
149 2541 200 2566 cum:
216 2527 292 2566 ὁπότε.
317 2527 389 2565 Contra
401 2529 443 2565 fieri
454 2533 520 2577 potest
532 2534 554 2566 ut
565 2542 632 2567 verum
643 2529 712 2566 viderit
723 2528 841 2574 Dressclius‚

49 2588 108 2634 quum
115 2575 212 2620 lacunam,
226 2586 274 2621 quae
283 2579 314 2610 est
321 2578 366 2621 post
375 2574 469 2621 ὠςαότως,
479 2577 565 2623 explevit
571 2588 606 2625 per
613 2576 692 2612 verbum
701 2575 753 2612 εἶναι.
772 2574 841 2611 Dictio

49 2620 135 2663 ωςαύτοις
149 2623 196 2657 εἶναι
210 2625 237 2672 τη]
249 2620 369 2667 γεγεννηκότι
385 2620 485 2668 significat
501 2622 580 2668 „eodem
595 2622 640 2657 loco
658 2631 709 2665 esse,
726 2631 763 2699 ηυο
778 2621 795 2655 is
810 2620 844 2667 qui

49 2667 136 2714 genuit.“
159 2665 197 2702 Vel
210 2677 238 2701 sic
248 2670 313 2701 tamen
324 2666 378 2701 illam
388 2668 518 2713 conjecturam
528 2679 568 2703 non
579 2667 640 2702 ausim
648 2668 721 2701 certam
742 2665 806 2702 abere.

94 2711 116 2747 P.
124 2710 196 2757 40115
206 2711 272 2747 nescio
283 2722 309 2746 an
320 2711 414 2757 scriptum
428 2711 496 2747 fuerit:
511 2716 542 2749 καὶ
555 2710 629 2757 τούτῳ
642 2710 699 2756 ταύτη
713 2712 788 2758 μᾶλλον
802 2712 844 2749 ἔστι

49 2760 156 2802 πιστεῦσαι,
165 2757 176 2807 ᾑ
186 2760 230 2794 cett.
254 2756 278 2794 In
290 2757 402 2817 apographo
414 2757 541 2794 Dresseliano
552 2760 601 2794 erat:
613 2750 741 2805 μᾶλλόν’ἐστι.
753 2779 776 2785 -
784 2757 807 2794 V.
816 2756 843 2792 18.

50 2804 110 2841 verba
125 2806 214 2843 τοιοῦτον
226 2803 274 2841 κατὰ
285 2807 391 2853 μεταβολην
404 2808 436 2842 καὶ
449 2804 522 2854 τρόπην
534 2815 580 2840 sana
590 2814 630 2839 non
641 2805 692 2839 sunt.
716 2802 844 2840 scribendum

677 2862 708 2889 τιν
