1827 3065
352 136 458 172 EPITOME
469 135 545 170 PRIOR.

92 243 144 281 LXI.
162 242 204 278 Iam
215 252 260 277 vero
272 239 297 276 ad
308 237 412 274 secrmdum
421 236 516 286 gallorum
524 239 603 273 cantum
612 246 693 283 surgens
704 233 843 281 inveniensque

3 304 4 307 ’
48 306 80 333 nos
93 292 131 327 iam
143 287 259 335 vigilantes,
272 284 304 332 qui
317 288 336 320 et
348 295 422 319 eramus
436 295 478 319 cum
490 295 512 319 eo
521 294 587 319 omnes
596 280 690 326 sedecim,
699 280 750 328 ipsc,
759 280 843 327 inquam,

9 356 10 360 ¹
49 342 116 377 Petrus
125 339 145 371 et
153 344 190 381 ego
200 331 295 375 Clemens,
304 330 385 367 Nicetes
394 333 414 365 et
421 328 499 375 Aquila,
508 333 566 375 atque
575 326 683 372 duodecim,
693 327 726 373 qui
733 327 843 373 praegressi

48 385 131 424 fuerant,
143 383 245 426 postquam
254 375 379 412 salutavisset
388 386 463 419 omnes,
475 375 574 422 ingressus
587 378 617 410 est
626 373 704 420 quidam
713 384 736 408 ex
744 371 844 408 familiari-

48 433 82 467 bus
90 428 140 462 hunc
148 424 238 459 nuntium
248 422 266 458 ei
275 421 368 458 afferens:
385 419 450 456 Simon
461 433 530 468 magus
538 420 572 456 ubi
586 419 665 464 didicit,
678 422 698 455 te
710 417 786 465 Tripoli
794 429 844 462 esse,

50 478 69 512 in
77 472 150 519 syriam
158 470 201 516 ipse
209 468 264 504 abiit.
287 466 394 502 Multitudo
406 470 470 502 autem
480 478 538 502 unam
549 467 600 502 hanc
612 468 690 501 noctem
699 476 742 500 esse
750 464 796 500 anui
805 475 843 500 ain-

2 519 16 549 sss
49 521 109 557 bitum
118 515 216 558 arbitrata,
225 525 261 549 nec
269 513 336 549 valens
344 512 480 559 praestitutum
489 525 501 548 a
509 515 529 548 te
537 515 613 558 tempus
622 514 745 558 exspectare,
757 523 791 556 pro
799 509 844 546 fori-

2 569 12 600 ’,ι
50 568 84 602 bus
94 565 132 598 stat
140 571 174 607 per
186 563 252 596 coetus
266 562 285 594 et
298 558 379 593 circulos
388 558 411 593 de
421 556 503 594 Simonis
515 557 639 604 improbitate
651 559 717 592 mutuo
726 557 844 603 colloquens.

0 610 8 653 {s
49 609 84 653 Qui
93 619 135 643 crim
143 617 176 642 eos
185 605 206 640 in
214 616 268 651 spem
277 603 390 640 adduxisset
398 607 456 650 atque
464 603 564 650 pollicitus
571 607 629 648 esset,
639 602 690 649 quod
696 606 717 638 te
722 604 845 650 praesentem

7 666 9 668 ’
49 653 112 692 multis
125 652 148 687 de
162 650 274 687 criminibus
286 652 339 685 esset
348 649 480 693 convicturus,
493 650 572 696 cognito
583 649 669 685 adventu
678 652 712 685 tuo
725 660 745 684 se
755 648 778 684 de
787 650 844 683 nocte

49 703 69 738 in
76 700 141 747 fugam
150 696 234 742 dederit3
244 695 279 732 sed
287 699 307 732 et
315 696 383 731 eadem
390 695 447 743 plebs
455 698 476 730 te
485 696 550 731 aridirc
560 694 662 731 desiderat.

96 759 159 796 LXIL
176 759 202 796 Et
210 759 279 795 Petrus
288 758 393 795 admiratus
402 758 457 805 mrlgi
465 757 549 794 studium
557 757 666 805 respondit:
675 756 760 802 Videtis,
769 755 844 801 fratres,

0 813 12 845 30
51 820 86 855 quo
93 810 152 854 pacto
160 805 240 842 Domini
247 804 309 842 nostri
317 805 376 842 verba
384 805 487 841 manifeste
496 803 641 851 compleantur?
653 802 734 839 Memini
743 802 793 838 enim
802 813 844 837 eum

0 853 3 860 ³
64 854 122 890 icere:
137 853 196 888 Multi
207 852 279 888 occident
290 852 313 886 ab
323 852 390 887 criente
400 857 416 886 ct
425 852 516 888 occidente
525 856 541 886 ct
552 851 639 896 aazaaaae
647 855 664 885 ct
671 850 733 895 cnara,
745 861 768 884 ac
776 861 845 884 recrini-

0 925 5 931 κ»
51 903 90 937 berit
99 910 139 935 cnm
148 899 263 943 Abi-atomo,
272 898 340 933 naara
350 903 366 933 ct
373 897 448 933 Iacobo.
473 896 511 933 Sed
519 900 539 932 et
547 897 615 942 iltaltc',
623 895 696 941 inquit,
706 896 778 939 noenta,
786 895 847 941 pratici

0 944 6 987 'J
50 957 91 981 'avaro
101 944 156 979 elaea.
180 943 248 990 Itaque
261 943 311 990 quod
322 943 411 988 veniant,
425 947 506 980 nonest
518 954 582 979 eorum
592 943 698 989 proprium,
711 941 746 978 sed
758 944 788 977 est
799 939 844 992 Dei,

3 997 8 1026 ζ,
52 990 83 1038 qui
91 989 178 1035 vocavit,
187 990 204 1025 si
211 1001 256 1025 vero
263 992 309 1036 post
317 989 437 1024 vocationem
448 990 500 1025 bona
511 1000 569 1035 opera
579 988 671 1032 fecerint,
683 987 720 1023 hoc
733 999 797 1023 eorum
809 990 846 1022 erit

2 1037 4 1039 “
50 1035 156 1088 proprium,
172 1038 192 1071 et
206 1035 352 1071 convenientem
367 1039 494 1080 assequentur
507 1034 602 1070 mercedis
615 1033 768 1069 retributionem.
791 1032 846 1068 Haec

6 1119 8 1121 ,
51 1082 107 1126 dixit,
122 1092 202 1127 cumque
213 1081 312 1127 ingentem
320 1080 396 1115 turbam
403 1081 488 1124 rideret,
500 1079 571 1115 leuiter
581 1080 635 1114 velut
647 1079 745 1125 placidum
754 1078 847 1113 fluentum

8 1127 10 1129 “
51 1126 111 1163 ainnis
121 1126 206 1170 affluere,
215 1125 303 1161 Marooni
311 1125 339 1172 ait
344 1135 351 1159 :¹
361 1124 401 1161 Ubi
409 1126 441 1161 hic
450 1126 487 1161 tibi
495 1126 549 1160 locus
559 1128 595 1168 est,
605 1125 638 1171 qui
645 1124 696 1160 hane
703 1123 848 1159 multitudinem

1 1209 2 1214 ,
52 1182 119 1219 capere
127 1171 204 1217 possit?
216 1171 242 1206 Et
250 1170 342 1206 Marcone
352 1171 435 1207 ducente
444 1182 487 1206 eum
499 1171 591 1206 inlocum
599 1169 655 1206 horto
667 1169 765 1205 excultum
773 1180 796 1206 ac
805 1168 849 1204 sub-

0 1219 5 1251 }
53 1217 122 1253 dialem
132 1220 211 1252 secutae
220 1220 265 1251 sunt
274 1220 293 1252 et
301 1215 375 1251 turbae.

98 1277 171 1314 LXIH.
194 1278 263 1314 Petrus
276 1281 340 1314 autem
352 1288 409 1325 super
419 1277 483 1314 basim
494 1281 570 1314 statuae
581 1289 620 1313 non
634 1278 736 1315 admodum
751 1277 848 1314 excelsam

52 1327 105 1360 stans
117 1323 174 1359 simul
186 1328 244 1370 atque
256 1324 348 1371 populum
358 1335 410 1359 more
420 1323 513 1371 religioso
527 1324 628 1368 salutarit,
641 1335 721 1360 cernens
733 1324 804 1370 multos
815 1322 848 1359 ad·

60 1369 142 1406 tantium
151 1381 162 1404 a
171 1369 296 1406 daemonibus
307 1373 328 1405 et
338 1369 426 1416 plinibus
439 1369 509 1405 morbis
518 1370 557 1405 iam
566 1370 599 1405 diu
609 1370 723 1406 molestatos
735 1382 759 1406 ac
767 1368 849 1405 stridere
907 1364 909 1366 ¹

52 1427 93 1451 cum
105 1416 181 1451 ululatu
193 1419 213 1451 et
224 1415 324 1462 procidere
337 1427 380 1451 cum
393 1415 545 1462 supplicatione,
561 1415 662 1463 increpitis
674 1415 698 1451 iis
712 1415 848 1461 silentiumque

53 1465 118 1542 tenerp
133 1460 200 1506 iussis,
217 1461 318 1508 pollicitus
336 1460 454 1497 cinationem
468 1465 513 1508 post
530 1460 619 1498 habitum
633 1473 740 1498 sermonem
754 1462 782 1497 ita
796 1460 850 1507 loqui

3 1549 5 1551 q
55 1518 109 1554 cocpr
122 1519 127 1541 ε
564 1513 569 1522 ’

0 1607 5 1614 μ,
96 1568 168 1605 LXIV.
187 1568 252 1615 Deus,
264 1569 298 1616 qui
310 1569 362 1605 solus
373 1569 435 1606 bonus
447 1573 478 1606 est
486 1574 594 1616 cunctaque
604 1571 704 1617 praeclare
716 1570 765 1607 fecit
772 1573 850 1617 propter

53 1615 135 1651 salutem
144 1615 220 1663 generis
229 1615 313 1661 humani,
326 1615 380 1651 misit
387 1615 509 1663 rmigcnitum
517 1616 579 1651 filium
592 1629 646 1651 suurn
659 1617 756 1652 dominum
763 1620 849 1652 nostrum

0 1679 3 1682 ·
52 1659 116 1696 Iesum
124 1660 229 1706 Christum,
238 1662 271 1709 qui
279 1661 298 1697 ei
305 1661 379 1708 placita
385 1661 475 1708 vulgaret
481 1662 583 1708 legemque
590 1662 644 1698 daret
651 1666 755 1707 aeternam,
763 1666 786 1697 ut
794 1662 848 1697 illam

0 1710 5 1731 «ἵ
53 1710 145 1754 perpetuo
154 1707 287 1744 custodientes
296 1712 315 1743 et
323 1707 419 1754 baptizati
427 1708 448 1742 in
455 1707 588 1743 remissionem
593 1711 723 1754 peccatoram,
731 1707 773 1743 vita
781 1707 849 1754 sempi-

0 1764 3 1797 j
52 1756 107 1788 terna
115 1753 214 1789 donemur.
230 1752 332 1788 Enitimini
340 1756 405 1789 autem
410 1753 477 1798 primo,
486 1757 507 1788 ut
517 1754 614 1789 sordidum
623 1754 757 1790 indumentum
764 1757 850 1790 vestrum

1 1818 3 1829 -,
54 1798 130 1834 scilicet
138 1798 261 1835 infidelitatis
270 1798 356 1843 exuatis,
365 1799 417 1845 quod
424 1811 463 1834 non
471 1799 593 1835 alienatione
602 1800 685 1846 potestis
695 1800 800 1846 deponere,
812 1799 851 1834 nisi

0 1873 2 1875 .
52 1843 103 1889 prius
116 1843 204 1880 inbonis
216 1844 326 1880 actionibus
337 1843 473 1891 baptizemini,
489 1849 547 1893 atquc
562 1845 591 1881 ita
607 1845 649 1892 puri
661 1856 740 1892 corpore
751 1857 775 1881 ac
786 1845 851 1881 anima

0 1911 3 1932 ,3
52 1888 117 1924 effecti
130 1890 194 1925 firturo
208 1893 302 1937 perpetuo
316 1900 376 1937 regno
392 1889 487 1927 fruemini.
513 1890 583 1938 ltaque
597 1902 634 1926 nec
648 1891 707 1927 idolis
719 1891 802 1936 credite,
814 1902 851 1927 nec

0 1937 3 1957 7
52 1945 128 1971 mensae
140 1946 204 1971 eorum
211 1935 317 1982 participes
326 1938 400 1982 estote3
408 1948 447 1972 non
456 1936 546 1981 occidite,
555 1949 594 1973 non
600 1937 715 1981 adulterata
724 1949 763 1973 non
769 1936 851 1984 flagrate

1 2018 3 2020 μ
53 1978 95 2059 polio
109 1976 184 2026 mutuo,
199 1992 236 2018 nec
250 1981 323 2018 tuntum
338 1981 408 2027 facite,
424 1993 487 2030 neque
503 1983 579 2019 omnino
593 1982 723 2031 aggredimini
738 1984 779 2018 ulla
792 1995 852 2030 pram

62 2036 144 2063 acinora.

97 2087 159 2126 LXV.
173 2089 233 2126 vHaec
242 2102 285 2126 cum
294 2089 376 2127 dixisset
384 2094 443 2138 atque
452 2103 475 2127 ex
484 2091 587 2138 Scripturis
596 2090 702 2127 monuisset
708 2090 776 2135 multa,
785 2102 851 2127 omncs

54 2139 208 2180 permanserimt,
220 2136 255 2173 alii
263 2140 285 2171 ut
293 2141 414 2182 cruerentur,
426 2137 461 2174 alii
469 2141 491 2173 ut
499 2138 587 2173 viderent
596 2148 638 2182 eos,
648 2137 680 2183 qui
692 2137 796 2173 sanitatem
803 2138 852 2173 reci-

1 2212 3 2214 *
54 2184 126 2224 perent.
154 2181 225 2218 Petrus
238 2186 303 2218 autem
319 2183 418 2219 dumtaxat
432 2183 532 2230 imponens
546 2183 586 2218 illis
602 2194 669 2219 manus
685 2186 704 2218 ct
720 2186 852 2229 comprecatus

2 2253 3 2256 ,
53 2225 156 2274 ruricuique
165 2228 306 2265 immunitatem
314 2240 326 2265 a
334 2229 400 2265 morbo
407 2229 497 2276 praebuit
505 2229 560 2273 adeo,
568 2228 630 2276 utqui
637 2228 700 2266 subito
708 2230 770 2265 curati
775 2229 852 2265 luerunt

53 2269 179 2318 laetaremur,
192 2274 225 2321 qui
235 2278 299 2310 autem
307 2274 406 2319 viderant,
419 2286 537 2321 summopere
545 2274 659 2311 mirarentur
668 2275 762 2321 simulque
771 2275 853 2321 gloriam

53 2314 95 2352 Deo
103 2330 138 2365 pro
147 2331 199 2356 earo
208 2320 305 2356 offerrent.
330 2319 378 2356 Cum
390 2332 436 2369 ergo
448 2320 528 2356 firmiter
536 2320 666 2360 credidissent
674 2333 713 2357 una
722 2333 765 2357 cum
773 2321 807 2366 iis,
820 2321 853 2367 qui

55 2364 118 2415 sanati
127 2365 210 2412 fuerant,
219 2366 244 2403 ad
253 2378 287 2403 sua
295 2366 384 2403 abienrnt
395 2367 416 2402 in
426 2365 523 2402 mandatis
534 2366 664 2414 accipientes,
677 2371 699 2404 ut
707 2367 800 2403 maturius
809 2378 854 2403 con-

0 2415 1 2418 ’
54 2414 147 2447 venirent.

55 2569 285 2646 ubividendiInterprctes.
303 2577 336 2607 Oct.
347 2574 409 2608 Mattli.
435 2600 439 2616 ,
504 2574 544 2619 Cap.
557 2575 622 2609 LXIV.
643 2572 660 2616 1)
677 2571 731 2620 ἡμῶν
745 2576 808 2618 Turn,
824 2576 854 2609 scd

55 2612 140 2667 li-··3)
151 2619 251 2662 blattam,
264 2618 291 2655 16.
304 2620 440 2655 Om.ucil].—
469 2620 532 2653 rectius
544 2626 603 2652 eastern
614 2626 685 2653 vestram
696 2622 781 2654 Peronius
797 2622 853 2655 vertit.

55 2658 71 2703 4]
82 2659 114 2699 ἐὰν
121 2664 143 2700 δὲ
151 2663 177 2720 μὴ
186 2663 235 2723 perd
243 2663 264 2700 τὸ
270 2666 358 2719 ,κλιθῆναι
367 2667 385 2700 G.
391 2684 415 2690 »-
420 2662 439 2720 ῥ)
469 2665 545 2718 Subinde
553 2664 627 2710 ἔνδυμα
635 2666 723 2722 rodzo‘D.
736 2686 759 2691 —
770 2664 788 2710 2)
798 2680 818 2702 τε
826 2679 854 2720 ac-

53 2711 393 2792 {titttt’ttttttttdnt
405 2723 440 2747 m
467 2716 521 2797 def
529 2712 648 2797 iiiiii&
656 2708 706 2793 851²}
714 2716 798 2793 etdistra
804 2715 852 2759 spu.

78 2801 131 2851 *Gap
139 2803 205 2837 LXIII.
224 2802 241 2846 ll
251 2805 297 2839 Voce
315 2770 393 2840 nullibi
400 2816 438 2839 πα-
503 2771 543 2849 Caii.
558 2789 613 2838 inv.
649 2783 668 2848 i)
680 2770 745 2840 'adron
763 2785 855 2844 Ιεἰπόντος

55 2848 97 2881 derv
106 2846 126 2882 ἐκ
133 2849 228 2893 recepimus
237 2861 258 2883 ex
265 2851 319 2892 BOD,
327 2851 379 2885 Hom.
389 2850 437 2893 VIII,
466 2851 502 2884 inv.
509 2852 524 2883 Β
533 2853 552 2883 ut
559 2851 610 2884 Hom.
620 2851 669 2893 vm,
679 2849 706 2884 24.
715 2870 739 2875 —
746 2848 854 2892 2)-ἕπευξά-

54 2887 71 2932 8,
80 2896 138 2927 nostra
145 2895 193 2940 Epit.
202 2898 219 2929 et
227 2895 249 2929 al.
257 2906 286 2940 ap.
296 2896 332 2930 Cot.
466 2908 524 2944 μενος
532 2896 550 2930 G.
557 2915 579 2920 -
585 2894 603 2940 3)
613 2897 665 2932 Voce.
673 2898 766 2943 γενέσθαι
774 2909 853 2945 περιχα-
