1827 3065
331 134 436 168 urrronn
449 135 523 169 Paroa
786 125 827 166 109

41 262 50 285 a
62 237 167 292 patriarcha
178 235 304 284 gerebantur,
318 234 415 281 aspiciens
427 235 483 282 eique
494 240 546 272 totas
558 247 614 272 aures
627 234 715 283 arrigens
726 246 749 271 ac
763 246 828 272 eorum

41 301 85 339 quae
97 283 210 322 dicebantur
222 282 302 328 cupiens
314 291 356 315 esse
369 280 446 316 auditor
453 281 514 317 oculis
522 282 595 329 pariter
603 285 662 327 atque
671 280 750 316 auribus
759 284 827 327 captus

0 359 5 370 „
42 347 83 373 sum.
99 332 125 366 Et
133 329 180 363 licet
189 327 222 362 ille
231 326 299 361 iterum
308 329 375 372 utpote
384 325 422 361 Dei
431 326 515 363 imitator
523 339 552 363 me
562 338 639 363 cernere
648 338 671 362 ac
678 326 744 362 audire
751 326 826 369 feeerit,

2 386 4 388 '
42 392 74 428 ego
80 383 144 413 tamen
149 373 200 409 tanti
206 370 297 407 beneficii
304 371 403 406 immemor
408 383 447 407 non
455 372 515 407 solum
525 376 589 420 grates
598 372 636 420 ipsi
645 371 669 407 ob
678 370 827 407 beneficentiam

2 429 4 431 ’
42 438 75 463 nou
87 419 179 470 persolvi,
194 417 229 452 sed
241 421 261 452 et
273 416 355 451 stolidus
368 427 410 452 cum
422 417 533 453 miraculum
549 418 632 454 dicerem
644 428 688 453 esse
701 417 827 465 praestigias,

42 482 80 509 eum
89 464 182 512 supplicio
192 461 279 506 afficere,
293 465 385 507 quantum
393 462 457 508 potiri,
470 468 549 499 conatus
558 475 599 498 sum
607 463 694 510 iussique
702 462 787 507 famulis,
795 462 828 499 hei

41 515 94 557 mihi,
106 514 128 546 nt
140 509 221 544 eundem
235 508 341 543 retinerent
353 519 376 543 ae
387 507 471 543 vinculis
483 512 592 554 onerarent3
606 509 647 544 illis
655 520 710 552 vero,
720 509 754 554 qui
761 512 828 544 tenere

5 585 7 587 ν
42 562 91 598 illum
100 560 119 592 et
127 555 147 589 in
155 553 234 589 vincula
246 554 316 588 ‹luen-e
327 553 432 600 putabant,
446 553 500 600 ligna
514 554 613 590 dumtaxat
628 558 647 590 et
659 553 736 608 lapides
745 557 800 590 erant
808 553 829 588 in

41 603 129 644 nranibus,
138 599 159 634 id
167 598 218 645 qnod
226 598 272 633 mihi
282 598 341 633 etiam
349 598 451 634 videbatur
459 600 552 645 et,vquasi
562 599 586 635 ab
596 600 624 635 eis
632 598 743 646 patriarcha
751 599 826 635 detine·

0 647 5 685 {³
42 654 95 692 retur,
103 646 164 682 minas
173 643 297 692 gravissimas
306 654 343 690 ego
352 643 453 680 iactabam
466 643 560 686 Quocirca
567 656 634 690 precor
641 645 671 680 vir
678 649 730 688 tuus,
738 644 828 690 hancque

42 697 64 733 ab
75 702 130 730 uxore
142 701 185 725 nica
196 689 279 737 gratiam
291 692 346 735 peto,
358 694 381 725 ut
392 689 539 736 primoquidem
547 689 610 725 Deum
618 690 665 725 mihi
673 690 777 737 propitium
786 689 827 726 efii-

11 773 12 776 ,
43 742 86 784 cias,
96 736 164 773 deinde
172 747 217 771 vero
227 737 246 770 et
254 746 284 770 me
293 735 386 770 concilies
395 734 520 781 patriarchae.

84 792 161 831 CLXII.
173 792 211 827 His
220 791 292 827 auditis
301 790 405 827 Theodora
411 792 437 828 ad
445 796 532 827 sanctum
540 791 641 828 confestim
649 793 709 837 venit,
719 797 827 839 cunctaque

43 853 87 890 quae
98 838 179 876 vidisset
191 842 211 873 et
225 849 274 883 quae
285 848 297 872 a
308 837 348 873 viro
361 837 455 873 audiisset
465 850 539 873 rursum
549 837 669 884 patriarchae
682 838 767 874 nunciat.
791 838 828 873 lile

3 926 5 929 ,
43 888 87 925 nihil
99 887 199 921 cunctatus
212 883 305 919 citissime
318 883 343 919 ad
351 882 456 919 Sisinnium
464 883 601 930 proficiscitur,
614 887 633 919 et
641 895 679 919 non
687 888 709 919 ut
717 887 776 920 antea
785 895 828 919 eum

0 937 2 947 ³
43 932 117 975 invenit,
122 929 156 965 sed
163 941 205 965 cum
212 933 284 976 quanta
291 929 327 964 ille
333 928 434 965 ferocitate
440 929 567 976 patriarcham
574 933 620 965 tunc
626 929 704 965 adortus
710 929 780 974 fuerat,
785 940 828 965 eum

3 996 5 999 >
43 978 108 1015 maiore
116 976 187 1011 honore
195 986 246 1010 nunc
255 974 333 1021 excipit.
350 973 405 1010 Adeo
414 975 474 1023 igitur
483 975 566 1011 subitam
575 976 827 1022 etmagnammutationem
867 1001 870 1005 f

42 1026 68 1060 vir
78 1033 156 1069 magnus
166 1032 246 1056 cernens
258 1022 354 1056 sermones
367 1020 391 1056 de
402 1021 475 1067 pietate
486 1020 587 1056 admodum
600 1021 648 1056 scite
661 1021 679 1056 ei
691 1022 788 1068 suggerit,
799 1024 828 1056 to-

4 1104 6 1106 ,
43 1075 115 1115 tumque
128 1066 166 1102 sibi
177 1069 275 1112 comparat
286 1065 386 1102 hominem.
411 1065 496 1112 Cumque
505 1077 529 1102 ex
539 1065 602 1101 animo
611 1065 707 1101 Sisinnius
715 1067 758 1101 Deo
768 1065 829 1101 credi·

4 1128 5 1133 ¹
44 1115 105 1157 disset,
115 1112 182 1160 tetigit
190 1111 258 1148 beatos
268 1111 312 1147 illos
321 1110 442 1158 patriarchae
451 1111 517 1157 pedes,
526 1110 613 1157 haecque
622 1122 665 1146 cum
673 1111 758 1146 lacrimis
766 1111 829 1158 prolo-

45 1161 144 1195 cutus-est:
527 1174 529 1176 >

87 1213 175 1250 CLXHI.
196 1213 275 1250 Gratias
287 1225 324 1261 ago
337 1214 375 1250 tibi
389 1225 434 1250 vero
448 1225 471 1249 ac
483 1213 520 1249 soli
530 1213 583 1258 Deo,
598 1212 631 1259 qui
644 1212 689 1249 ideo
702 1212 750 1248 mihi
764 1213 830 1249 oculos

0 1274 10 1307 ³1
43 1261 122 1308 corporis
131 1260 247 1303 excaecasti,
256 1264 278 1295 ut
287 1271 325 1304 eos,
335 1260 367 1306 qui
376 1259 452 1295 animae
461 1263 512 1303 sunt,
521 1259 611 1305 aperires,
619 1269 688 1305 meqrre
696 1258 771 1295 faceres
779 1258 830 1312 aspi-

0 1345 2 1349 ,
10 1350 12 1352 r
43 1318 82 1343 cere
91 1306 115 1342 ad
122 1306 232 1350 veritatem3
242 1306 324 1351 ideoque
332 1306 391 1342 etiam
397 1305 471 1340 aurium
476 1304 515 1340 vim
522 1304 659 1351 compressisti,
668 1308 690 1340 ut
696 1307 760 1341 mente
767 1304 829 1352 vigili,

43 1351 124 1397 nihilque
132 1352 210 1397 penitus
219 1362 289 1396 eorum,
299 1357 347 1396 quae
357 1354 411 1387 extra
419 1355 469 1395 sunt,
479 1351 584 1395 sentiente,
596 1360 653 1386 verae
660 1350 761 1398 religionis
771 1350 830 1386 susei-

0 1402 6 1442 ji
43 1409 103 1443 pereni
110 1397 280 1443 praedicationem.
300 1396 410 1432 Nunc-vero
419 1396 517 1443 mysteriis
525 1396 614 1431 veritatis
623 1395 711 1431 initiatus
721 1407 762 1431 sum
770 1399 831 1432 certo·

43 1453 76 1488 que
88 1442 167 1489 agnovi,
181 1441 289 1478 Gentilium
301 1454 356 1478 saera
366 1442 453 1477 fraudem
465 1445 540 1477 tantum
549 1452 592 1477 esse
603 1452 626 1477 ac
634 1441 769 1477 incredibilem
777 1441 830 1478 vani-

3 1494 6 1532 '3
42 1491 103 1523 tatem.
125 1487 206 1534 Propter
220 1488 259 1524 ista
275 1488 363 1524 hilaritas
379 1494 399 1523 et
412 1487 490 1523 laetitia
507 1487 583 1523 domum
599 1487 710 1533 occupavit,
727 1498 830 1534 omnesque

1 1534 14 1574 {⁴³
44 1532 115 1569 Christo
129 1533 257 1569 crediderunt.
281 1534 377 1569 Paschate
395 1545 440 1569 vero
457 1533 496 1569 iam
512 1533 592 1569 ineunte
611 1532 707 1579 baptizati
727 1537 772 1568 sunt
788 1533 831 1569 cuni

1 1583 11 1602 ³-
43 1577 123 1614 Sisinnio
137 1590 202 1614 omnes
213 1584 278 1659 pqtres
291 1580 348 1615 simul
362 1582 382 1614 et
393 1582 464 1615 matres
476 1582 496 1613 et
506 1578 563 1614 liberi
573 1578 599 1614 ad
609 1581 648 1613 tres
661 1582 681 1614 et
692 1578 763 1625 viginti
774 1590 831 1630 supra

4 1635 12 1669 j
43 1624 195 1671 quadringentos.
239 1637 262 1661 oe
271 1625 351 1660 attraxit
362 1623 432 1659 multos
444 1635 468 1659 ex
475 1623 619 1666 illustrioribus,
629 1623 661 1668 qui
670 1623 746 1670 magnis
754 1624 829 1659 honori-

0 1670 4 1674 ”
42 1667 75 1702 bus
86 1670 241 1715 praepollebant,
254 1671 360 1716 quibusque
372 1669 478 1715 Imperator
488 1668 552 1705 Nerua
564 1668 631 1711 amicis
643 1668 725 1703 maxime
736 1673 756 1704 et
767 1668 829 1704 consi-

44 1713 100 1749 liariis
109 1715 209 1760 utebatur3
222 1719 279 1762 atque
288 1716 320 1762 pio
329 1714 390 1750 cultui
398 1725 464 1749 omnes
473 1713 548 1749 assensi
557 1717 605 1749 sunt.

85 1770 171 1808 CLXlV.
197 1772 250 1814 Quae
259 1783 301 1808 cum
310 1771 385 1807 videret
393 1771 488 1816 pessimus
496 1782 530 1817 per
541 1770 590 1805 illud
598 1774 675 1817 tempus
684 1781 748 1807 comes
756 1769 830 1807 officio-

2 1833 5 1849 :
43 1826 80 1851 rum
85 1816 165 1852 Publius
172 1817 316 1862 Tarquitianus,
325 1816 406 1852 moleste
412 1816 459 1851 tulit
466 1819 486 1851 et
492 1816 559 1863 grauia
565 1816 690 1860 existimavit,
697 1816 830 1852 considerans-

8 1864 9 1867 ’
44 1870 77 1904 que
85 1873 121 1907 quo
130 1863 187 1897 modo
195 1862 290 1909 pietatem
297 1862 379 1898 ulterius
387 1861 543 1909 progredientem
550 1863 690 1908 comprimeret,
699 1863 763 1908 ipsum
770 1862 831 1909 primo

5 1950 7 1954 ι
44 1905 158 1943 Clementem
166 1911 257 1954 tanquam
266 1919 330 1943 eorum
339 1918 387 1954 quae
394 1905 468 1943 fiebant
475 1906 557 1942 maxime
566 1911 664 1943 auctorem
672 1907 741 1943 statuit
750 1907 832 1943 emedio

0 1954 6 1967 ⁷*
43 1951 113 1997 tollere,
123 1956 143 1989 et
152 1953 270 2000 singularum
277 1953 331 1988 urbis
339 1952 439 1999 regionum
447 1952 551 1998 praefectis
559 1953 670 1989 eonvoeatis
679 1953 741 1999 iisque
749 1952 832 2000 pecunia

0 2033 2 2035 ,
45 1998 133 2043 corruptis
143 1999 258 2034 seditionem
270 1999 361 2034 adversus
371 1997 490 2034 Clementem
500 1998 530 2033 uti
538 2002 637 2035 moverent
646 1998 674 2034 eis
682 1999 790 2045 proposuit,
801 2002 831 2033 ut-

1 2076 6 2084 a*
44 2052 77 2086 que
89 2043 141 2078 illius
155 2044 317 2080 existimationem
330 2045 445 2090 impeterent
455 2043 543 2079 hortatus
556 2047 586 2079 est
597 2044 676 2091 cupiens
688 2055 771 2080 amorem
778 2043 831 2078 urbis

8 2118 10 2121 ,
44 2097 87 2133 erga
95 2100 137 2169 etum
145 2101 180 2136 pcr
190 2090 227 2126 hoc
239 2090 353 2134 dissolvere,
365 2088 499 2135 hominemque
510 2088 591 2125 reddere
602 2089 679 2125 insidiis
687 2089 766 2125 facilem
774 2092 832 2135 atque

44 2142 100 2179 oppor
110 2146 174 2171 unum.

45 2219 177 2230 Ἀ...-

3 2312 5 2315 ,
45 2280 82 2310 ''⁰oe
93 2285 111 2308 τε
121 2277 205 2322 κατέχειν
218 2272 277 2310 αὐτὸν
289 2275 307 2309 C.
322 2293 345 2299 -
358 2272 377 2320 9)
386 2271 420 2317 τὴν

0 2341 1 2359 3
45 2313 123 2359 inaurari
132 2323 226 2368 σωτηρίαν
237 2322 275 2355 add.
284 2321 328 2354 BCD
338 2324 354 2354 et
362 2322 383 2354 al.
393 2332 419 2365 ap.

2 2372 7 2383 ³
45 2360 77 2395 un,
85 2381 108 2387 —
119 2364 147 2408 10)
157 2380 192 2413 μοι
204 2368 275 2401 necessit
285 2379 306 2401 ex
318 2368 362 2401 BCD
374 2371 391 2400 et
399 2368 420 2400 al.

0 2433 9 2442 f.
45 2415 68 2449 tp.
78 2409 113 2443 Cot.

7 2499 9 2501 ,
49 2504 52 2508 ,
76 2466 116 2511 Cap.
131 2468 200 2504 CLXII,
227 2468 244 2509 1)
261 2466 344 2516 peticione
362 2470 380 2503 C.
398 2488 421 2493 —

44 2504 60 2548 t)
69 2510 102 2545 νῦν
115 2511 173 2550 αὑτὸν
183 2519 247 2561 ῐτειηερ,
259 2517 309 2549 BCD.
324 2534 348 2538 —
363 2512 382 2560 3)
391 2517 421 2549 καὶ

0 2593 2 2595 a
45 2554 115 2600 Πολλὴν
123 2557 172 2595 οὕτω
180 2562 215 2595 inv.
224 2563 243 2595 C.
255 2581 279 2585 -
291 2558 310 2606 4)
319 2560 369 2595 αὐτῶ
378 2561 420 2595 ἐπι-

0 2622 2 2639 2
46 2601 96 2636 seira
107 2601 125 2649 (ὁ
133 2605 192 2652 supra)
200 2609 230 2641 nal
239 2605 284 2643 ὅλον
292 2605 343 2641 atra
351 2608 371 2640 Ι),

77 2664 116 2710 Cap.
131 2668 208 2704 OLXIH.
233 2668 251 2716 1)
270 2670 296 2703 τῶ
309 2670 349 2705 θεῶ
365 2671 383 2704 0.
399 2688 422 2693 -

1 2747 2 2751 ,
45 2702 62 2749 2)
72 2707 186 2759 ὑποδέξομαι.
197 2717 218 2749 D.
229 2735 253 2740 -
263 2714 280 2758 3)
293 2728 313 2751 τε
324 2716 395 2750 accessit
402 2727 422 2749 er

47 2751 94 2788 Ber).
102 2775 124 2781 -
134 2757 151 2799 4]
161 2758 196 2805 ὅση
206 2761 225 2796 τὲ
234 2762 252 2795 c¹

77 2817 116 2863 Gap.
129 2822 206 2858 CLXIV.
230 2823 248 2864 1)
261 2825 339 2859 historia
352 2825 422 2859 Latina:

1 2909 3 2912 .
48 2860 100 2896 Genua
116 2878 211 2911 sacrarum,
231 2881 292 2914 nempe
307 2871 423 2914 largitionum,

450 2284 493 2318 quae
506 2277 532 2307 est
543 2274 576 2307 alia
586 2275 665 2318 dignitas.
690 2276 719 2309 Sic
728 2276 747 2308 in
756 2275 833 2309 Concilio

449 2320 536 2364 Ephesiuo
554 2324 657 2355 memoratur
672 2322 756 2355 Iohannes
773 2318 833 2368 κόμης

450 2365 489 2401 τῶν
498 2366 577 2412 σαπρῶν.
586 2365 645 2414 κόμης
653 2367 691 2402 τῶν
698 2368 757 2402 θείων
766 2368 830 2413 λαργι-

450 2407 529 2447 floran.
542 2413 578 2445 Lex
586 2418 641 2447 autem
650 2410 666 2446 2.
675 2414 693 2447 C.
702 2414 733 2447 Th.
742 2412 763 2446 de
771 2412 830 2445 metal-

449 2459 471 2491 lis
483 2461 508 2490 est
519 2458 582 2492 Iuliani
593 2459 666 2501 Augusti
677 2459 699 2492 ad
711 2458 791 2491 Rufinum
800 2459 831 2491 Co-

450 2504 508 2536 mitem
515 2504 618 2538 Osticiorum.
638 2504 671 2538 Sed
679 2508 753 2547 tempore
765 2505 832 2537 Nervae

449 2550 559 2593 Imperatoris
571 2552 615 2583 nulli
628 2554 675 2583 erant
686 2549 759 2583 Comites
772 2549 832 2582 huius-

450 2596 500 2628 modi.
511 2597 544 2627 Oot
553 2613 575 2617 -
584 2593 603 2641 ⁶2)
608 2597 663 2628 Aliter
671 2592 811 2639 Τορκουτιανὸς
817 2598 834 2628 et

452 2636 592 2688 Τουρκιτιανός,
603 2641 664 2674 Latine
672 2642 691 2674 iu
698 2641 780 2675 Editioue
789 2644 832 2675 Tar-

451 2690 517 2730 quiniae
538 2697 569 2731 pro
592 2689 688 2729 Tarquitius
709 2687 728 2720 in
751 2688 833 2722 iusve.

452 2734 512 2767 Vionis
521 2733 617 2767 Herovallii
626 2735 725 2776 Torquatus,
739 2738 759 2768 ut
773 2734 796 2767 sit
807 2734 834 2767 vel

451 2779 576 2835 Torquatianus
587 2779 614 2812 vei
622 2779 750 2823 Tarquitianus.
765 2782 798 2813 Cot
811 2798 834 2803 —

452 2823 469 2865 3)
479 2836 513 2860 τον
521 2825 568 2858 deest
574 2825 593 2858 in
602 2826 623 2858 al.
633 2836 642 2858 a
655 2826 705 2860 ,Cot
713 2844 736 2850 -
746 2823 766 2871 4)
776 2822 834 2860 αὐτὸν

453 2882 485 2904 om.
494 2872 516 2905 al.
524 2881 551 2915 ap.
560 2870 596 2904 Cot.
604 2890 628 2895 -—
636 2836 655 2916 ὃ)
664 2870 787 2918 παρεστῶτας
794 2874 814 2905 B.
