1827 3065
325 156 510 190 PROLEGOMENA.
798 156 820 181 rx

26 266 46 290 sc
55 255 147 292 allaturos
155 256 291 303 promiserant,
302 259 324 291 ut
337 254 457 303 dignioribus
466 255 531 291 locum
543 252 640 290 crederem
652 263 695 288 esse
707 251 820 290 cedendum.

27 299 66 336 Sed
73 301 180 349 bibliopola
192 314 235 337 cum
246 302 296 337 libro
308 302 420 337 excudendo
432 301 489 336 nimis
498 300 604 337 festinante
613 298 712 344 promissis
721 310 761 333 non
769 302 819 334 stare

25 349 134 428 pppperunt.
151 348 270 428 Quapropter
277 350 326 427 peltpJ
332 347 367 383 abs
378 351 405 392 te,
414 348 476 428 lectpr
482 346 582 426 benipole,
591 348 684 425 pplmeam
691 343 820 380 Homiliarum

27 403 75 427 51
280 403 349 427 erro
376 405 380 413 ·
484 404 492 427 s
542 402 635 427 crevrs⁴
867 401 871 407 ·

72 404 292 486 dilitblnldsnllleritirem
304 404 478 484 correiioqirbtntimar
492 405 592 474 iiilcibus
606 448 658 472 usus.
682 435 756 480 Doleo,
769 435 820 482 quod

0 518 1 527 ,
26 485 110 531 optimus
119 486 147 521 nil
155 484 236 532 praebet
244 483 283 519 nisi
291 483 329 518 tria
336 482 445 530 fragmenta
455 495 478 519 er
489 496 544 531 capp.
553 483 616 522 1-19,
625 481 701 526 23-26,
710 482 784 519 33-35,
800 483 819 518 ls

26 530 195 578 estAngelicus
209 530 299 566 foliorum
312 529 475 575 quaternariorum
488 530 539 577 apud
549 527 654 564 monachos
664 527 819 574 Augustinianos

27 576 115 622 signatus
128 576 150 611 B.
164 576 180 610 1.
193 575 220 612 14.
236 573 302 617 [=A).
327 574 376 610 Post
389 575 474 611 indicem
487 576 586 622 praevium
599 573 648 610 haec
663 574 735 619 scripta
748 573 818 610 habes:

26 622 105 665 „Codex
115 620 272 657 membranaceus
283 623 406 666 pervetustus
419 622 507 657 continet
519 618 756 664 555115522415511225).
781 619 819 655 Sed

25 668 98 714 priores
111 665 220 702 5115115524
231 672 287 708 [corr.
296 665 326 708 25)
340 670 359 701 et
371 666 488 712 posteriores
501 667 535 702 223
548 670 568 702 51
580 666 615 700 221
629 666 682 711 (corr.
695 665 730 700 224
741 668 760 700 et
771 665 818 708 225),

27 712 96 760 quibus
106 712 229 748 continentur
238 710 368 747 Clementis
380 711 491 758 Epistola
502 711 523 756 (l)
538 712 564 747 de
578 711 677 758 periodo
693 711 711 747 S.
720 710 787 746 Petri
799 714 819 746 et

27 759 78 795 vita
89 757 179 793 Mariae
190 756 362 805 Aegyptiacae,
375 760 420 792 sunt
431 769 490 792 manu
499 757 604 793 recentiori
616 757 636 793 in
647 756 764 802 bombycino
776 768 819 792 exa-

26 807 99 840 ratae‘.
127 802 289 839 clementinorum
301 802 362 848 igitur
374 802 484 850 fragmenta
495 815 506 839 e
517 806 629 850 pervetusto
642 802 747 849 exemplari
759 813 819 849 eoque

26 850 110 896 optimae
118 853 176 884 notae
185 860 234 884 saec.
248 848 296 884 XIV
307 849 406 894 descripta
418 852 468 884 sunt.
488 847 577 885 Alterum
588 848 609 883 in
616 848 737 884 bibliotheca
745 847 819 896 Ange-

1 923 2 926 *
26 896 74 930 lica
87 894 160 930 contuli
173 894 259 930 codicem
270 894 293 929 B.
301 894 317 929 3.
326 894 342 930 5.
355 895 453 940 signatum
467 894 534 941 (=B).
558 894 693 930 Membraneus
705 897 735 930 est
746 893 819 930 formae

27 944 106 987 quartae
115 951 164 976 saec.
173 939 207 974 XI.
228 940 296 975 Manus
306 950 356 975 saec.
364 939 402 976 XV
410 940 454 975 heic
462 940 553 984 mutavit,
563 939 673 975 emendavit
681 940 728 976 illic.
749 939 818 975 Varias

26 986 120 1021 lectiones
128 997 163 1032 per
170 985 211 1022 foll.
220 985 311 1021 121-190
319 986 399 1032 praebet
408 986 495 1032 optimas,
514 986 593 1022 Tertius
602 988 632 1020 est
640 985 772 1022 Vaticanus
785 984 819 1021 715

27 1031 72 1067 inde
85 1043 97 1067 a
111 1031 159 1067 folio
168 1031 291 1076 quaternario
299 1031 399 1070 211-257,
407 1031 540 1066 membraneus
554 1042 604 1066 saec.
612 1030 642 1066 XI
656 1032 686 1074 (=
694 1029 723 1073 C),
739 1034 819 1076 quartus

26 1076 158 1129 Vaticanus
166 1076 212 1127 1116
220 1076 266 1111 inde
274 1088 286 1111 a
293 1075 326 1128 fol.
336 1076 437 1128 dimidiato
446 1076 511 1129 1--38ζ
517 1076 650 1111 membraneus
660 1087 710 1111 saec.
719 1075 749 1109 Xl
758 1075 819 1118 (=D)

27 1119 578 1213 fflfflttttfttttnttttlttttttttttas
591 1168 626 1200 ea.
650 1164 724 1200 rrae
739 1159 820 1201 aunam

27 1210 120 1254 Cotelerii
129 1211 237 1251 versionem
251 1211 359 1247 sexcenties
373 1214 486 1251 correctam,
499 1215 588 1258 exparte
599 1222 676 1252 novam,
691 1210 819 1258 subiunxique

26 1257 88 1311 ipsius
97 1269 140 1293 cum
149 1255 220 1293 Clerici
228 1269 251 1292 ac
259 1256 307 1292 meis
318 1257 396 1292 notulis.
420 1256 509 1303 Epitome
521 1268 566 1292 vero
579 1256 603 1292 ab
612 1255 657 1292 Adr.
667 1256 758 1292 Turnebo
767 1256 820 1293 Pari-

16 1317 20 1323 ·
28 1303 62 1338 sris
70 1303 116 1339 1555
123 1302 205 1350 primum
214 1303 267 1338 edita
276 1306 296 1338 et
304 1302 328 1338 ab
339 1301 404 1339 loach.
412 1302 513 1339 Perizonio
523 1303 579 1337 simul
587 1302 648 1338 latine
656 1314 713 1338 versa
721 1302 772 1348 quod
780 1306 820 1339 tam

26 1360 70 1385 rara
79 1353 116 1391 est,
125 1359 199 1384 mecum
208 1359 274 1384 omnes
283 1348 384 1391 dolebunt
398 1348 431 1394 qui
444 1359 486 1384 eam
494 1348 604 1385 accuratius
612 1348 779 1395 perlustraverint3
789 1352 819 1385 est

27 1394 78 1429 enim
87 1393 190 1430 correctior
198 1405 254 1440 quam
262 1394 301 1428 ista
310 1392 402 1429 Cotelerii
410 1394 439 1428 ed.
445 1394 524 1429 Patrum
530 1393 580 1441 App.
586 1393 631 1430 Lut.
637 1394 680 1430 Par.
688 1394 738 1428 1622.
755 1393 820 1430 Etiam

28 1438 100 1475 Clerici
108 1439 168 1475 editio
178 1438 311 1486 Antverpiana
319 1451 335 1474 a.
346 1439 390 1475 1698
400 1443 419 1474 et
427 1451 444 1475 a.
453 1439 499 1475 1700
506 1440 567 1475 multo
579 1440 641 1475 minus
651 1443 740 1475 correcta
748 1444 786 1483 est,
800 1444 820 1476 et

27 1486 102 1521 mendis
115 1485 155 1520 fere
171 1484 275 1520 innumeris
294 1489 357 1520 scatet
368 1488 433 1520 textus
447 1485 569 1531 illiusfquae
582 1496 599 1520 a.
610 1485 657 1521 1724
667 1484 821 1522 Amstelaedami

26 1531 104 1577 prodiit.
128 1530 191 1573 Quare
203 1542 242 1566 non
253 1542 339 1578 possum,
354 1530 400 1577 quin
412 1529 500 1567 Arminio
512 1530 590 1574 Rostio,
602 1529 689 1577 Adolphi
699 1531 770 1567 beatae
782 1543 820 1567 me-

27 1577 98 1612 moriae
106 1575 152 1618 filio,
161 1576 202 1611 viro
210 1576 347 1612 honestissimo
356 1579 414 1622 atque
421 1576 446 1612 ad
452 1576 521 1621 omnia,
531 1588 580 1623 quae
587 1576 653 1612 literas
660 1577 726 1612 iuvare
732 1581 820 1622 possunt⁷

28 1622 97 1656 studiis
109 1622 148 1674 suis
159 1622 302 1674 promptissimo
315 1621 388 1668 gratias
400 1634 464 1669 agam,
476 1626 544 1703 utpote
556 1622 589 1668 qui
597 1622 621 1658 cl.
630 1621 777 1657 Tischcndorfio
786 1623 820 1658 im-

39 1667 103 1703 ulsore
116 1679 155 1702 surs
167 1678 259 1712 impensis
271 1667 376 1703 editionem
387 1669 487 1712 utriusque
513 1667 660 1703 lementinorum
668 1667 768 1714 Epitomes
781 1680 820 1703 mo-

26 1679 70 1748 dico
78 1712 140 1758 pretio
149 1712 257 1758 parabilem
265 1712 317 1758 typis
330 1712 420 1757 evulgare
431 1714 519 1749 volucrit.
544 1712 576 1748 Sic
589 1711 719 1756 Clementina,
733 1723 782 1757 quae
790 1714 819 1749 ob

26 1756 106 1792 nimium
114 1757 192 1793 Patrum
200 1757 250 1804 App.
260 1758 365 1793 editionum
374 1758 468 1794 Cotelerii
480 1766 500 1794 et
512 1757 584 1794 Clerici
595 1757 678 1805 pretium
692 1758 770 1794 anobis
782 1759 820 1795 iam

27 1813 88 1848 paene
97 1803 204 1846 exularunt,
213 1804 233 1837 in
239 1803 345 1838 utilitatem
352 1807 371 1839 et
378 1803 534 1840 aedificationem
540 1815 636 1839 sacrarum
642 1804 741 1839 literarum
748 1804 820 1840 studio-

28 1847 54 1881 sis
63 1847 104 1883 fcre
111 1851 133 1882 ut
141 1848 203 1893 magis
213 1848 336 1883 innotescant
345 1860 401 1894 spero
410 1849 472 1895 iisque
481 1861 559 1897 auguro.

73 1948 185 1986 Scribebam
192 1948 265 1984 Romae
275 1950 293 1983 d.
301 1950 329 1986 29.
338 1949 426 1986 Januarii
434 1951 484 1986 1859.
