1827 3065
333 102 438 136 11111111
449 103 546 138 manaa.
788 90 829 134 201

44 205 110 247 iniuria
118 200 238 244 afficiuntur,
247 195 312 246 potius
320 199 409 236 iniuriam
416 201 489 246 facere,
498 201 561 238 adhuc
569 200 652 247 amplius
660 211 692 235 res
700 203 743 236 tota
750 199 831 246 iniquis-

45 256 89 291 sima
99 247 146 284 mihi
156 245 242 289 videtur,
257 247 346 290 quoniam
357 245 372 279 ii
383 246 469 292 quidem,
484 248 517 293 qui
528 246 619 283 ridentur
634 244 720 280 conferre
734 245 829 290 iniuriam,

44 297 100 336 multa
111 293 135 327 iis
150 291 267 333 concedunt,
282 290 315 335 qui
328 290 393 326 futura
407 292 516 337 elegerunt,
531 292 564 339 qui
578 303 622 328 vero
637 290 728 326 videntur
741 290 830 326 iniuriam

2 373 4 375 -
45 341 142 380 1111111111,
151 336 157 370 1
168 336 189 387 ¹si
198 346 239 371 eam
247 334 338 387 inferunt,
348 336 393 387 quia
400 335 515 381 hominibus,
525 338 557 384 qui
565 337 597 373 hic
606 337 654 384 ipsis
663 347 782 380 concessere,
791 347 831 372 non

43 385 132 437 praebent
143 348 185 416 illic
196 381 272 425 eadem,
284 380 353 426 quibus
362 381 392 416 1111
403 381 455 428 ipsos
467 382 566 419 donarunt.
589 383 615 418 Et
624 382 703 418 Petrus:
717 381 785 428 Neque
793 381 830 418 hoc

44 434 124 477 iniquum
136 431 175 470 est,
187 426 341 472 quandoquidem
352 427 482 474 unusquisque
491 432 589 475 potestate
600 428 700 475 praeditus
713 433 743 463 est
751 431 830 473 antepo-

43 474 98 516 nendi
105 471 137 509 vel
144 472 254 518 praesentia
262 473 292 506 vei
302 471 372 515 futura,
382 473 422 508 sive
430 484 489 518 parva
497 474 546 518 sint,
558 474 598 510 sive
606 485 681 521 magna.
707 472 745 515 Qui
752 473 829 519 proprio

44 520 110 561 iudicio
119 520 139 552 et
147 516 228 553 consilio
238 516 314 563 deligit,
323 529 361 553 non
370 516 455 553 afficitur
460 518 535 563 iniuria,
544 530 612 566 neque,
621 520 705 566 inquam,
714 519 763 554 licet
770 529 831 565 parva

43 564 143 617 praeferat,
155 562 231 611 quando
243 566 263 599 et
273 574 344 610 magna
353 563 472 609 prostabant.
495 564 545 601 Nam
558 566 576 601 ei
586 566 685 612 proposita
696 564 756 601 etiam
768 567 828 609 erant,

44 622 89 661 quae
98 609 168 655 exigua
176 612 224 643 sunt.

86 652 184 690 CXXVII.
207 653 233 688 Et
243 656 299 700 pater
313 653 350 689 ait:
368 653 429 690 Recte
445 654 521 691 locutus
538 667 564 692 11.
587 657 664 692 Etenim
681 656 754 692 dictum
771 659 829 692 esta

44 701 121 749 quodam
132 701 183 735 inter
195 698 280 734 Graecos
292 699 388 745 sapiente:
409 701 468 746 0111111
480 702 636 748 reclamaremus,
648 704 700 737 Deua
709 704 763 748 calpa
772 708 828 737 caret.

1 748 3 750 ’
44 747 79 785 Sed
88 750 107 781 et
115 745 178 781 adhuc
185 744 236 780 lianc
244 745 292 779 mihi
300 756 367 780 enarra
373 744 472 781 rationem.
484 745 564 782 Memini
573 746 692 783 Clementem
699 746 747 782 mihi
756 747 827 791 dicere,

43 805 74 831 nos
84 791 163 827 iniurias
175 794 195 825 et
205 790 322 826 afflictiones
333 790 358 826 ad
369 794 491 836 peccatorum
501 793 633 828 remissionem
643 792 690 838 pati.
714 792 740 827 Et
748 792 827 828 Petrus:

2 867 3 870 ,
42 840 98 875 Recte
106 837 135 871 ita
142 835 207 871 habet.
230 835 271 872 Nos
280 836 337 880 enim,
346 837 379 882 qui
386 836 451 872 futura
459 837 568 882 maluimus,
578 849 626 884 quae
634 839 690 884 plura
697 838 827 884 possidemus,

1 891 3 893 “
44 896 74 920 seu
80 885 155 925 restes,
165 893 200 916 seu
208 882 270 925 cibos,
283 893 318 917 seu
325 882 423 927 potiones,
436 893 470 918 seu
478 883 517 918 alia
526 884 635 929 quaepiam,
646 887 728 930 peccata
740 883 827 929 posside-

42 940 89 971 mus,
106 927 151 973 quia
166 926 215 962 nihil
232 927 323 963 debemus
336 927 416 972 habere,
432 928 461 963 uti
476 928 542 974 paullo
559 932 604 964 ante
620 940 706 964 sermone
723 928 827 964 declaravi.

43 972 131 1010 Omnibus
142 972 275 1018 possessiones
286 977 368 1018 peccata
383 977 432 1008 sunt.
455 973 526 1009 Earum
539 977 604 1009 autem
630 974 776 1020 ualitercunque
789 974 827 1020 pri·

0 1046 2 1048 ,
42 1019 90 1055 vatio
101 1017 198 1064 ademptio
210 1021 240 1054 est
256 1018 373 1053 delictorum.
397 1017 453 1054 Dixit
466 1023 530 1065 pater:
545 1019 607 1055 Recte
618 985 686 1055 qnater.
710 1019 736 1054 Et
747 1019 826 1054 Petrus:

41 1063 150 1100 iustissime.
175 1063 334 1109 Quandoquidem
348 1064 399 1099 enim
410 1075 474 1100 eorum
486 1064 519 1110 qui
531 1064 828 1108 111111111111,1111111111

1 1123 2 1126 ¹
42 1120 93 1145 nemo
105 1108 180 1155 aliquid
186 1108 268 1153 habeat,
279 1108 346 1144 multis
356 1113 420 1144 autem
430 1110 502 1144 multae
515 1112 620 1155 suppetunt
631 1109 775 1154 possessiones,
783 1109 837 1155 ideo,

41 1167 72 1202 per
79 1153 167 1189 eximiam
175 1154 214 1189 Dei
222 1153 361 1197 humanitatem
369 1154 509 1202 castigationes
518 1153 635 1189 inducuntur
643 1154 677 1198 iis,
691 1154 724 1199 qui
735 1165 774 1189 non
780 1165 828 1200 pure

41 1200 112 1243 vivunt,
125 1202 147 1234 ut
158 1202 236 1245 propter
247 1200 366 1245 aliquantam
377 1211 425 1245 erga
432 1200 497 1235 Deum
505 1199 607 1234 caritatem
617 1210 652 1245 per
659 1199 775 1244 temporaria
784 1210 827 1246 sup·

40 1244 96 1291 plicia
104 1244 187 1280 aeternis
195 1244 263 1291 poenis
272 1245 382 1281 liberentur.
406 1245 456 1280 Tum
464 1248 528 1291 pater:
541 1244 610 1281 Nonne
618 1244 689 1279 multos
698 1244 767 1291 impios
776 1244 828 1280 vide·

41 1302 78 1325 mus
88 1289 195 1336 pauperes?
207 1289 239 1325 An
250 1295 351 1337 propterea
362 1294 382 1325 et
393 1290 424 1326 illi
435 1290 536 1334 11111111,
549 1290 582 1335 qui
590 1290 673 1324 salutem
681 1293 828 1336 consequentur,

0 1348 1 1351 ¹
40 1336 148 1370 numerandi
162 1334 342 1371 suntrutreuus:
360 1334 487 1382 Nequaquam
501 1335 583 1371 omnino.
607 1334 651 1372 Non
665 1335 716 1370 enim
729 1335 828 1382 probanda

41 1384 68 1415 est
78 1381 168 1426 pauperis
180 1381 254 1427 inopia,
267 1381 293 1425 si,
305 1392 353 1427 quae
366 1392 406 1416 non
417 1383 502 1427 oportet,
515 1383 600 1427 appetat.
625 1379 646 1416 Si
657 1391 731 1427 quoque
739 1380 829 1416 nonnulli

40 1426 135 1461 voluntate
145 1426 214 1461 divites
224 1423 281 1472 opum
289 1429 334 1461 sunt
341 1437 442 1472 pauperes,
452 1430 471 1462 et
479 1429 572 1471 tanquam
578 1426 693 1461 facultatum
700 1426 765 1471 cupidi
773 1426 828 1472 puni-

40 1474 98 1505 untur.
123 1470 205 1507 Sednee
214 1472 265 1517 quod
273 1470 343 1517 aliquis
352 1471 463 1518 sitpauper,
475 1471 611 1507 statimiustus
620 1474 656 1507 est.
679 1471 748 1507 Potest
757 1471 827 1517 quippe

37 1527 108 1561 pauper
120 1528 162 1552 esse
172 1517 263 1562 pecunia,
276 1520 297 1552 at
308 1528 351 1552 cam
362 1528 430 1563 cupere
442 1520 475 1552 aut
486 1516 508 1552 id
518 1516 592 1560 facere,
607 1516 658 1562 quod
671 1517 775 1563 praecipue
789 1528 828 1551 non

39 1561 142 1606 oportebat.
166 1561 216 1599 Nam
226 1562 258 1597 vel
265 1562 319 1597 idola
327 1562 383 1607 colit,
391 1563 424 1597 vel
431 1561 562 1608 blasphemat,
571 1562 603 1597 vel
611 1562 722 1605 1111111111,
731 1561 762 1597 vel
770 1561 828 1596 indif-

39 1605 120 1642 ferenter
127 1607 182 1652 vivit,
190 1607 284 1653 periurus,
292 1607 375 1642 mendax
383 1611 416 1643 aut
424 1607 515 1643 infidelis.
535 1607 594 1643 Porro
603 1607 690 1656 dominus
699 1612 765 1642 noster
772 1606 827 1642 Iesus

40 1649 131 1696 Christus,
140 1652 192 1688 iilius
198 1652 237 1688 Dei
243 1652 288 1696 vivi,
298 1652 355 1687 dixit:
369 1655 426 1688 Beati
430 1664 526 1698 pauperos
532 1653 605 1698 spirito,
614 1653 701 1697 qctonz'om
709 1653 792 1696 1111111111
801 1657 827 1686 111

39 1708 111 1740 requam
120 1699 218 1732 coeloram.
242 1697 292 1732 Tum
299 1700 364 1743 pater:
379 1697 429 1733 Vere
440 1708 517 1742 prorsus
530 1696 635 1732 secundum
642 1697 760 1742 propositam
766 1706 826 1743 'quae-

39 1741 403 1786 1111111111111111111111111111111111
416 1752 474 1788 quare
483 1742 552 1786 statui,
561 1745 623 1777 totam
630 1742 697 1777 ordine
706 1742 772 1777 audire
782 1741 826 1778 doc-

38 1788 191 1868 trmliiniOlVIII.
214 1831 240 1866 Et
250 1830 328 1867 Petrus:
344 1831 412 1877 Itaque
425 1831 516 1878 deinceps
528 1831 615 1867 studenti
626 1831 664 1867 tibi
679 1832 754 1868 discere
767 1832 826 1869 etiam

39 1887 84 1921 quae
93 1877 118 1912 ad
126 1880 211 1912 nostram
218 1876 277 1912 fidem
287 1876 385 1923 pertinent
395 1879 417 1912 ut
425 1877 523 1912 desideras
535 1877 601 1913 ordine
610 1889 704 1923 exponam
713 1877 826 1930 (1111111111,

39 1921 60 1956 ab
69 1922 111 1968 ipso
120 1921 215 1967 incipiens
223 1922 266 1957 Deo
275 1925 295 1957 et
303 1921 416 1973 ostendens,
429 1922 493 1968 ipsum
502 1922 563 1957 solum
572 1922 611 1958 dici
620 1922 690 1958 debere
698 1923 768 1967 Deum,
778 1924 827 1959 alros
884 1936 893 1955 s

38 1977 80 2002 vero
88 1979 125 2002 nec
134 1967 179 2011 dici,
187 1978 223 2002 nec
233 1966 345 2011 existimari,
354 1959 450 2002 liommem
458 1970 532 2011 autem,
544 1968 577 2013 qui
586 1978 641 2003 secus
650 1968 725 2012 fecerit,
733 1972 827 2015 perpetuo

39 2012 131 2065 supplicio
145 2012 273 2056 multandum,
288 2016 310 2047 ut
324 2011 357 2058 qui
371 2011 391 2047 in
404 2012 468 2059 ipsum
480 2013 612 2049 universorum
626 2012 732 2049 Dominum
745 2014 826 2050 maxime

37 2055 104 2103 impius
113 2058 215 2094 exstiterit.
239 2056 303 2104 Atque
311 2056 348 2093 hoc
357 2056 415 2101 dicto,
426 2069 506 2104 cumque
515 2058 580 2103 aliqua
587 2058 711 2104 perpessione
720 2058 825 2104 infestatis,

38 2103 190 2149 aegrotantibus,
203 2107 223 2139 et
235 2102 364 2140 daemoniacis
375 2103 733 2149 11101111111111111,1111111111
743 2107 795 2140 esset
803 2116 827 2140 ac

38 2157 68 2198 eps
80 2152 173 2193 curasset,
187 2148 260 2185 dimisit
270 2160 295 2195 po
309 2148 366 2184 ulum.
390 2148 416 2184 Et
426 2152 495 2196 postea
506 2148 535 2184 ita
545 2148 644 2195 ingressus
657 2148 714 2184 solito
723 2149 826 2185 admodum

38 2193 79 2229 erbo
101 2197 178 2240 ercepto
188 2206 208 2230 se
217 2206 282 2230 somno
292 2162 350 2230 dedit.

97 2239 171 2274 XXIX.
194 2240 252 2276 Mane
264 2251 308 2275 vero
320 2250 409 2285 egressus
416 2239 484 2274 Petrus
496 2249 539 2273 cum
546 2237 633 2273 venisset
641 2238 667 2273 ad
675 2239 748 2283 locum,
759 2239 781 2275 in
789 2251 826 2286 quo

38 2281 128 2320 disserere
137 2285 221 2330 solebat,
229 2285 329 2333 ingentem
337 2285 434 2320 hominum
442 2282 585 2319 multitudinem
596 2283 710 2319 convenisse
721 2284 776 2319 vidit.
799 2285 826 2320 Et

38 2365 174 2374 s*-

69 2412 92 2444 Gn
105 2413 205 2446 omn.
222 2410 239 2456 1)
248 2412 283 2446 (111.
291 2411 335 2444 Plat.
344 2411 414 2455 dech.
444 2405 579 2452 ὁπωσδήποτε.
593 2428 616 2436 -—
630 2407 648 2454 5)
662 2412 701 2443 Pur.
715 2408 724 2444 ὁ
736 2412 797 2455 γέρων
809 2415 825 2445 11

37 2424 104 2500 11611,
116 2459 137 2492 E.
154 2458 243 2491 Sententia
253 2458 284 2491 illa
295 2461 415 2500 quantoperea
443 2453 824 2500 ο11.11111111ἔχω.-6)1110111111.

37 2502 145 2545 scriptoribus
154 2503 252 2547 posterioris
264 2502 323 2536 aetatis
333 2501 416 2535 celebrata
444 2510 481 2533 oum
493 2503 566 2542 utroque
577 2501 628 2533 Hom.
641 2501 681 2533 (lod.
692 2498 763 2544 Repone
775 2499 796 2535 τὸ
805 2513 825 2535 111

37 2543 227 2588 11111111111111111111
240 2549 305 2581 111111.
318 2550 335 2580 et
345 2547 415 2580 11111111-
443 2545 521 2589 111111.-
530 2541 548 2587 7)
559 2542 593 2579 οὖν
601 2556 634 2578 om.
642 2546 659 2578 V
670 2549 687 2578 et
697 2547 736 2578 Par.
747 2564 771 2569 -
782 2544 801 2591 8)
814 2547 824 2582 ὁ

37 2589 82 2625 horst
90 2594 111 2626 ad
121 2594 184 2627 Arnob.
195 2596 254 2626 contra
264 2597 322 2635 gentes
330 2593 353 2626 II.
361 2604 378 2636 p.
387 2590 414 2624 60.
443 2592 474 2624 καὶ
483 2590 502 2623 0.
510 2608 534 2613 -
542 2588 560 2630 9)
568 2591 606 2623 Par.
617 2591 679 2633 σέβειν
686 2587 698 2633 ἢ
705 2592 826 2638 βλασφημεῖν

37 2636 74 2669 Alia
81 2639 130 2671 affert
138 2638 231 2672 Gotelerius
244 2639 264 2671 ad
274 2642 350 2672 nostrum
359 2639 416 2671 locum
444 2632 455 2678 ἢ
464 2632 568 2679 nepessinu-
578 2653 601 2658 -
608 2633 638 2679 10)
647 2635 708 2668 Matth.
717 2634 733 2675 5,
742 2635 759 2669 3.

38 2679 94 2721 [Hom.
105 2684 145 2726 XV,
157 2680 181 2726 8].
194 2684 295 2726 Schwegler,
312 2701 335 2707 -
352 2681 369 2723 2)
385 2678 416 2723 [τὰ
479 2681 519 2725 Cap.
531 2680 628 2714 CXXVIII.
651 2679 667 2722 1)
681 2682 712 2715 καὶ
723 2681 757 2715 des.
770 2684 789 2716 in
803 2685 824 2718 V.

38 2724 122 2775 ἐσόμενα]
135 2729 218 2774 adscripsi
230 2740 249 2762 ex
259 2730 311 2762 Hom.
319 2728 359 2769 XV,
368 2725 384 2760 9.
393 2746 416 2752 -
445 2730 461 2759 11
468 2728 506 2759 Par.
518 2745 541 2750 —
552 2723 569 2764 2]
579 2722 693 2771 ὀφθήσομαι
704 2726 740 2760 cod.
750 2729 790 2761 Par.
799 2728 825 2774 ap.

36 2767 54 2813 3)
69 2774 95 2806 Ab
108 2775 135 2807 his
151 2775 207 2808 verbis
225 2775 287 2819 incipit
301 2775 415 2815 fragmentum
444 2772 500 2806 Tiseh.
510 2769 554 2816 (ipse
562 2770 680 2813 corrigendum
687 2772 736 2806 duxit
744 2771 825 2817 ἐκθήσο-

36 2815 130 2852 Parisinuur
147 2819 274 2853 Tischendcrfii.
292 2838 316 2844 —
339 2815 357 2860 4)
375 2820 414 2851 Par⁴
444 2814 707 2863 μαι).-3)αἳωνίωςο11.0.
