1827 3065
334 114 439 148 arraona
452 114 527 148 raroa.
804 100 832 144 57

11 212 13 214 V
45 220 222 266 tensusridebatur.
245 216 288 261 Ego
297 225 341 249 vero
350 213 487 260 superveniens
497 217 516 249 et
524 214 639 261 magistrum
651 224 692 247 cum
705 212 834 248 mulierecol-

41 272 146 319 loquentem
154 265 182 299 ita
190 266 259 297 nactus
267 262 308 296 lam
316 259 392 303 dudum,
402 259 485 305 inquam,
495 260 585 295 oberrans
593 259 708 305 quaerebam
717 262 748 303 te,
757 262 776 293 61
783 270 834 294 nunc

5 337 7 341 ’
40 317 83 357 (uid
91 311 200 350 faciendum
212 306 256 342 est?
276 306 345 341 Petrus
355 308 419 340 antem
428 306 538 352 imperavit,
550 309 572 341 ut
584 304 720 351 praecederent
729 303 781 339 acin
789 304 835 340 navi

41 335 172 409 giespectarem.
196 353 222 387 Et
234 352 280 399 quia
291 363 330 386 nou
341 350 415 386 licebat
430 351 560 387 contradicere
572 352 599 395 ei,
615 349 649 396 qui
661 350 689 386 ita
703 353 834 396 praeceperat,

4 400 17 439 1⁸
41 395 88 458 quod
95 405 157 441 fuerat
166 401 238 434 iussum
246 397 290 433 feci.
315 395 342 430 At
349 395 428 441 Petrus,
440 400 462 431 ut
472 397 514 443 ipse
526 397 574 432 1111111
583 399 654 433 cuncta
661 399 730 443 postea
739 396 834 442 exposuit,

1 472 6 486 .'
42 451 146 500 suspicione
156 445 226 491 exigua
234 444 254 478 in
260 446 339 489 pectore
345 443 433 487 pulsatus
440 443 572 490 interrogabat
578 443 679 478 mulierem
686 441 763 477 dicens:
776 441 835 477 Refer

3 497 15 531 ῙῙ
40 499 90 542 mihi,
99 494 175 534 femina,
185 501 246 536 genus
256 492 275 524 et
284 488 384 523 civitatem
393 491 450 534 atque
461 488 519 524 etiam
526 489 629 524 liberorum
635 488 720 532 nomina,
731 488 835 533 statimque

40 541 196 582 medicamentrun
206 534 244 570 tibi
255 533 335 569 tradam.
359 532 397 569 Illa
408 545 463 577 vero,
479 534 549 581 quippe
561 547 610 580 quae
624 537 726 581 cogeretur
738 544 761 568 ac
773 533 835 568 nollet

1 588 7 612 =³'
53 589 114 625 uidem
123 585 186 619 dIcere
196 583 215 615 et
223 583 289 615 tamen
296 578 420 625 pharmacum
428 579 516 625 accipere
525 584 609 626 cuperet,
619 580 639 615 id
649 581 758 616 commenta
767 581 803 622 est,
812 583 835 613 ut

1 636 4 660 t
42 647 72 683 pro
81 632 123 668 aliis
133 629 206 663 diceret
215 625 254 660 alia
263 624 357 670 simulque
367 636 386 660 se
396 624 501 671 Ephesiam
510 636 552 661 esse
559 626 701 672 pronunciavit,
710 625 771 660 virum
781 623 834 660 Sicu-

1 671 5 701 f
41 684 86 722 lum,
99 674 187 712 similiter
199 681 274 716 quoque
286 670 344 704 trium
352 681 452 714 puerorum
460 670 537 706 nomina
549 671 677 707 commutauit.
702 671 753 705 Tum
765 670 834 705 Petrus

42 725 141 763 arbitratus
149 730 190 754 eam
198 727 264 751 verum
271 715 341 759 dicere,
351 715 395 751 Heu
405 716 479 759 mulier,
487 716 555 762 inquit,
567 717 701 753 existimabam
707 728 738 752 me
744 728 834 763 maguam

58 782 70 806 ,e
80 768 133 803 itiam
144 762 237 799 hodierno
250 761 281 796 die
293 761 405 805 allatruum,
419 761 527 807 suspicatus
539 766 559 798 te
572 763 667 808 quandam
676 773 727 805 esse,
741 761 794 797 cuius
803 774 834 797 res

53 813 103 851 udivi
115 815 134 847 et
145 807 204 856 probe
216 807 266 842 novi.
290 805 317 841 At
329 806 364 841 illa
375 807 471 843 adiruavit
483 818 525 843 eum
534 808 609 843 (ltccnsr
629 807 666 844 Oro
681 811 708 851 16,
721 807 833 851 refer-mihi,
858 814 862 826 1

55 872 77 895 uo
86 858 150 899 sciam,
159 857 223 889 citrum
232 853 283 887 inter
290 852 380 887 mulieres
390 853 415 887 sit
424 853 463 888 alia
472 854 573 900 quaepiam
581 864 611 888 me
620 853 722 889 infelicior.

85 920 214 961 LXXXVIII.
238 922 264 956 Et
271 920 340 956 Petrus
348 921 425 957 mentiri
433 921 522 957 nesciens
534 925 554 957 et
565 921 638 968 alioqui
646 921 779 957 misericordia
788 931 834 967 erga

65 985 93 1008 am
101 970 201 1011 adductus,
211 967 261 1012 quod
269 978 335 1002 verum
343 971 389 1010 erat,
400 967 463 1014 coepit
473 967 549 1007 dicere„
565 967 601 1003 Est
609 967 657 1002 mihi
666 967 742 1014 quidam
751 967 834 1011 iuvenis,

61 1018 132 1060 mulier,
141 1025 247 1049 sermonum
255 1013 281 1048 ad
289 1013 362 1048 cultum
370 1012 410 1049 Dei
419 1013 548 1060 spectantium
554 1013 635 1059 cupidus
645 1017 664 1048 et
673 1013 721 1048 civis
729 1013 834 1056 RomanuS,

44 1064 74 1111 qui
81 1062 128 1098 mihi
135 1059 225 1103 narravit,
235 1071 272 1105 quo
283 1058 339 1094 modo
348 1071 390 1094 cum
398 1059 478 1095 haberet
486 1062 561 1105 patrem
569 1070 591 1094 ac
603 1059 650 1093 duos
661 1059 731 1093 fratres
740 1058 835 1105 geminos,

42 1109 133 1146 neminem
142 1104 292 1142 eorumvideret.
317 1104 366 1140 Nam
374 1109 435 1141 mater
443 1104 608 1150 quemadmodum,
618 1105 688 1149 inquit,
697 1103 745 1139 mihi
754 1115 834 1140 commc-

0 1149 7 1189 Γ
42 1155 125 1191 morabat
132 1154 193 1198 pater,
202 1150 243 1186 viso
252 1150 346 1186 insomnio
358 1162 381 1186 cx
393 1151 441 1186 urbe
448 1151 510 1186 Roma
518 1150 543 1186 ad
552 1150 647 1196 quoddam
656 1152 731 1197 tempus
745 1161 783 1184 una
792 1161 835 1184 cum

57 1199 122 1236 eminis
136 1196 175 1232 suis
189 1196 241 1231 uatis
256 1196 326 1240 exivit,
340 1207 364 1231 ne
379 1197 449 1232 misera
463 1198 523 1232 morte
539 1195 648 1239 decederet,
663 1199 721 1241 atque
737 1207 780 1230 cum
795 1195 835 1230 illis

55 1256 119 1293 gressa
126 1254 176 1278 nunc
184 1254 223 1277 non
231 1242 335 1286 invenitur,
345 1241 386 1277 eius
394 1245 459 1278 autem
467 1242 504 1286 vir,
513 1245 569 1289 pater
576 1252 621 1277 vero
629 1252 690 1286 meus,
699 1241 715 1276 is
725 1252 800 1287 quoque
810 1240 835 1277 ad

56 1289 168 1326 uaerendam
177 1299 219 1323 cam
228 1288 326 1335 digressus
335 1299 371 1322 uec
379 1288 422 1334 ipse
430 1287 512 1323 inveniri
520 1290 591 1334 potest.

88 1355 198 1392 LXXXIX.
222 1355 253 1391 lta
266 1368 308 1391 cum
316 1356 386 1391 Petrus
399 1356 489 1399 dixisset,
501 1356 570 1391 mulier
581 1366 629 1401 quae
641 1355 666 1390 ad
678 1366 701 1391 ea
712 1355 796 1390 animum
805 1367 837 1401 ap-

111 1406 135 1437 at
147 1406 223 1448 stupore
236 1402 345 1437 exanimata
357 1405 392 1436 est.
416 1402 485 1437 Petrus
501 1405 566 1437 autem
579 1404 600 1436 ut
615 1401 640 1436 ad
655 1401 739 1437 sobriam
753 1403 838 1436 mentem

119 1448 206 1483 hortatus
215 1446 311 1488 Quidnam
319 1450 355 1492 est,
365 1447 416 1494 quod
422 1447 501 1494 pateris,
511 1446 643 1494 interrogarit.
667 1448 694 1482 Aa
705 1447 741 1482 illa
749 1445 805 1492 quasi
814 1458 837 1482 ex

115 1498 134 1529 te
144 1505 164 1528 se
172 1493 290 1539 recolligens
300 1505 342 1528 cum
352 1504 372 1528 os
381 1493 480 1528 fricuisset
490 1493 516 1528 Et
527 1492 562 1528 ubi
571 1496 610 1536 est,
623 1492 695 1538 inquit,
703 1492 737 1529 ubi
745 1502 837 1528 memora—

115 1537 169 1574 enis‘?
185 1538 301 1586 Intelligens
313 1542 378 1574 autem
385 1550 425 1574 rem
433 1538 502 1574 Petrus
511 1538 543 1573 Tu
553 1538 601 1573 1111111
609 1538 641 1573 dic
649 1538 708 1583 prius,
720 1538 793 1584 inquit3
803 1538 838 1573 ali-

114 1597 132 1619 m
145 1596 187 1620 emn
199 1584 265 1620 videre
275 1596 315 1620 non
325 1585 404 1630 poteris.
428 1584 466 1619 Illa
477 1595 521 1620 vero
533 1584 629 1620 festinans
641 1584 678 1619 ait:
690 1584 733 1631 Ego
743 1596 785 1618 sum
793 1584 838 1620 ado-

53 1630 134 1666 escentis
142 1634 209 1674 mater,
219 1634 239 1665 et
247 1641 317 1666 nomen
325 1630 355 1665 illi
364 1633 394 1665 est
403 1628 497 1665 Clemens.
518 1630 559 1672 Quo
568 1630 636 1665 Petrus
645 1630 711 1665 audito
720 1629 740 1663 Is
749 1630 791 1675 ipse
801 1633 837 1673 est,

57 1676 111 1721 iquit,
121 1675 137 1710 is
146 1675 188 1721 ipse
197 1679 232 1710 est,
256 1676 321 1722 Atque
329 1676 346 1710 is
356 1679 402 1719 erat,
412 1675 445 1721 qui
453 1675 518 1721 paullo
527 1678 572 1710 ante
581 1674 665 1710 accessit
674 1678 694 1710 et
702 1686 777 1710 mecum
785 1675 837 1711 locu-

52 1732 73 1754 us
86 1725 124 1766 est,
136 1731 229 1767 quemque
241 1720 261 1755 in
272 1721 317 1756 navi
326 1724 437 1766 exspectare
446 1720 499 1754 iussi.
523 1720 573 1754 Tum
581 1720 616 1755 illa
624 1719 649 1754 ad
656 1719 711 1755 Petri
722 1732 786 1767 genua
794 1733 837 1767 pro-

57 1765 108 1801 'dens
116 1766 206 1814 rogabat,
218 1769 240 1801 ut
252 1766 277 1801 ad
288 1777 357 1801 narem
380 1769 482 1812 inperaret.
506 1764 532 1800 Et
540 1765 608 1801 Petrus
621 1764 707 1810 Simihi,
720 1766 790 1812 inquit,
800 1778 838 1802 ser-

57 1822 76 1845 as
84 1816 147 1858 pacta,
156 1811 193 1846 hoc
202 1822 277 1857 quoque
288 1823 349 1859 agam.
392 1812 411 1846 la
422 1815 487 1846 autem
497 1811 606 1858 respondit:
627 1808 696 1846 Omnia
703 1811 784 1855 faciam,
796 1815 838 1848 tan-

54 1868 83 1890 um
91 1857 138 1891 mihi
145 1856 207 1891 filium
214 1857 336 1902 unigenitum
345 1856 436 1902 ostende,
448 1868 483 1902 per
494 1868 537 1892 erun
549 1857 620 1902 quippe
629 1855 695 1892 videre
703 1857 752 1892 mihi
759 1857 840 1894 videbor

46 1904 64 1936 et
76 1901 122 1938 duos
133 1913 185 1937 meos
198 1901 231 1948 qui
241 1902 274 1938 hic
285 1902 355 1938 mortui
368 1905 413 1937 sunt
423 1906 485 1937 natos.
508 1901 539 1938 Ac
550 1902 629 1937 Petrus:
651 1899 691 1938 Sec
705 1915 748 1939 cum
762 1903 838 1939 videbis

1 1959 12 2000 '4
46 1958 92 1993 eum,
101 1948 167 1994 quieta
175 1958 236 1993 mane,
246 1948 307 1983 donec
316 1959 339 1983 ex
348 1948 411 1983 insula
420 1947 494 1995 egressi
502 1947 599 1984 fuerimus.

88 2014 129 2050 XC.
146 2016 223 2051 Tenens
233 2027 278 2063 ergo
285 2016 337 2050 illius
346 2027 423 2051 uranum
430 2015 499 2051 Petrus
509 2027 551 2052 eam
559 2016 585 2052 ad
592 2016 691 2064 navigium
700 2016 760 2052 duxit.
777 2016 837 2058 Quem

57 2071 80 2106 go
91 2061 159 2097 videns
169 2073 227 2096 manu
239 2062 334 2109 deducere
345 2062 445 2098 mulierem
455 2062 498 2106 risi,
511 2066 531 2099 et
543 2062 638 2098 accedens
650 2063 772 2099 inhonorem
784 2062 837 2097 illius

57 2116 77 2140 ro
88 2106 129 2153 ipso
140 2119 198 2143 mauu
211 2107 280 2144 ducere
292 2118 334 2143 eam
345 2107 402 2143 volui.
413 2107 416 2111 '
429 2107 456 2142 Et
470 2107 527 2144 simul
540 2112 598 2154 atque
607 2107 671 2155 tetigi
685 2120 761 2144 manum
775 2107 838 2154 ipsius

64 2161 113 2202 agno
126 2156 218 2199 tanquam
231 2157 293 2189 mater
307 2154 390 2189 clamore
404 2153 457 2189 edito
470 2165 539 2199 meque
553 2154 652 2200 complexa
667 2154 791 2190 vehementer
806 2165 838 2189 me

67 2207 105 2232 rum
114 2210 168 2232 sunm
176 2199 288 2235 deosculata
297 2202 332 2234 est.
355 2198 397 2247 Ego
406 2202 471 2252 aartem
479 2199 580 2247 ignorans,
593 2199 684 2245 quidnam
691 2199 719 2235 rei
728 2201 786 2243 esset,
794 2201 837 2235 tan-

0 2293 2 2295 y
57 2243 241 2323 uam.ti¹²[{dnientem
254 2245 383 2292 repellebam,
398 2245 492 2291 simulque
505 2245 598 2281 reveritus
610 2244 689 2281 Petrum
702 2245 771 2292 plenus
786 2256 838 2281 eram

2 2302 13 2328 3»
48 2296 105 2322 amarr
114 2301 127 2323 11
141 2301 178 2325 me.

1 2389 13 2398 Ἰ,
90 2355 140 2391 XCI.
165 2357 215 2394 Tum
225 2358 294 2395 Petrus
307 2357 571 2406 Sine,inquit,oOlemens.
596 2358 648 2401 chid
659 2359 710 2405 enim
721 2359 764 2407 agis
772 2359 837 2395 itare·

1 2419 7 2458 ᾖ
46 2399 118 2443 pellens
127 2414 175 2448 eam,
184 2415 233 2451 quae
241 2410 262 2441 te
270 2403 359 2452 peperit?
375 2405 400 2440 Id
408 2417 451 2441 cum
460 2416 496 2452 ego
505 2405 608 2449 audissem,
617 2404 699 2446 multum
707 2405 810 2441 laer-Imaus
819 2408 839 2440 et

0 2515 5 2522 ε
49 2510 176 2521 Ἂ-

61 2594 96 2637 ν111.
109 2588 120 2620 1.
133 2598 156 2631 a,
168 2579 226 2623 nos'ea
238 2592 296 2635 apra„
310 2592 371 2632 ruat,
385 2592 427 2632 cot,
491 2590 531 2634 cap.
542 2590 642 2622 LXXXIX.
662 2587 681 2634 1)
698 2588 764 2631 ἑαυτῆς
781 2591 838 2632 oco,

55 2632 214 2678 coenarumque
223 2636 318 2670 Clericicd.
456 2638 515 2668 nostra
526 2637 542 2669 E
555 2636 583 2677 it,
597 2633 663 2677 ἑαυτῆς
674 2638 691 2668 61
702 2632 758 2677 αὐτῆς
773 2635 794 2668 61,
811 2647 837 2680 ap.

82 2676 120 2722 cap,
129 2680 245 2716 LXXXVIII.
268 2679 284 2727 1)
298 2679 312 2717 ὦ
322 2679 377 2728 γύναι
385 2694 428 2717 νεα·
457 2681 493 2715 cot.
502 2647 582 2726 42111
589 2677 612 2723 δή
621 2680 639 2714 G.
647 2677 695 2726 -3)
705 2677 780 2726 ὧγύναι
788 2681 839 2715 inser.

49 2721 134 2758 rurore.
148 2727 167 2758 Β.
181 2745 204 2750 -
218 2724 428 2773 2)τὸν....1,ὁγον11
457 2724 670 2768 Β.-4)ποῦοι11.11.,
685 2726 838 2761 auctoritem.

48 2769 114 2817 nostrae
122 2771 169 2814 Epit.
183 2776 200 2805 et
212 2773 233 2806 61.
246 2785 272 2818 ap.
281 2774 324 2815 Cot„
333 2774 371 2808 roir
378 2800 382 2807 .
389 2800 393 2807 .
401 2800 404 2807 ,
412 2800 427 2807 ,.
457 2774 478 2805 al.
490 2784 516 2816 ap.
529 2773 564 2806 Cot.
577 2772 653 2805 Subinde
662 2769 672 2807 ὁ
685 2770 811 2818 τρυλούμενος
819 2774 839 2805 B.

47 2808 132 2866 10110313
145 2835 167 2839 -
179 2814 198 2861 3)
208 2814 232 2856 ὥς
244 2820 256 2852 G
268 2823 285 2852 et
293 2820 314 2852 61Δ
323 2831 350 2864 ap.
360 2820 396 2853 oct.
405 2839 427 2843 -
457 2837 479 2841 -
487 2815 506 2863 ὃ)
515 2818 568 2852 ἔστιν
576 2829 608 2851 om.
617 2818 678 2861 Boo,
692 2820 707 2852 V
715 2821 783 2851 nostrae
791 2818 840 2862 Epir.

0 2870 2 2873 '
48 2851 150 2897 41111166111,
161 2863 178 2895 G.
191 2881 213 2885 -
228 2861 246 2908 5)
256 2862 316 2903 οὕτως
324 2867 345 2898 61.
355 2877 381 2911 ap.
391 2867 426 2899 Cot.
457 2868 474 2897 ct
483 2865 504 2897 61.
514 2875 539 2908 ap⁴
549 2864 585 2896 ott,
595 2882 616 2887 —
626 2860 644 2908 6)
653 2864 725 2910 μικροῦ
732 2876 765 2910 μοι
775 2864 793 2896 C.
