1827 3065
330 123 435 155 urrvouu
447 125 542 159 aarum,
794 110 835 152 143

46 236 82 270 ista
88 223 177 263 vecordia
187 222 299 265 desisteret,
311 220 398 257 dicentes
408 222 434 257 ei:
448 224 498 268 Nos,
507 223 582 267 Simon,
591 221 696 264 amicitiae,
705 231 762 266 quam
770 224 835 256 tecum

46 271 145 324 apueritia
154 267 291 310 contraximus,
300 278 402 310 memoreS,
414 270 471 313 teque
483 272 569 305 amantes
581 268 638 303 utilia
647 266 774 302 consulimus:
788 267 835 301 deus

47 328 133 360 essenon
141 317 205 362 potes:
218 313 265 349 time
274 324 323 357 eum,
332 313 365 358 qui
373 323 416 348 vere
425 312 479 349 Deus
488 318 522 350 est.
536 313 644 361 Cognosce,
653 316 673 347 te
681 323 723 347 esse
731 311 835 354 hominem,

9 372 10 375 ’
46 371 137 408 breveque
147 370 189 395 esse
197 361 273 404 tempus
283 358 335 393 vitae
346 361 397 393 tuae.
421 357 451 394 Ac
463 360 538 395 etiamsi
550 369 666 407 magnopere
678 357 738 392 fueris
750 357 835 402 locuple-

46 416 95 449 tatus
103 406 135 441 vel
145 405 193 440 adeo
201 415 235 439 rex
243 404 336 448 evaseris,
349 403 418 449 exiguo
430 404 481 440 vitae
493 410 537 440 tuae
550 406 613 451 spatie
625 415 687 451 pauca
699 406 753 447 suut,
766 403 835 448 quibus

47 453 120 496 frueris,
133 453 152 486 et
164 460 212 495 quae
224 448 282 494 impie
290 453 346 495 parta
355 453 407 493 suut,
420 461 463 485 cum
471 450 510 487 cito
518 450 601 497 fugiant,
611 453 710 486 aeternum
720 448 836 495 supplicium

47 497 115 539 homini
124 495 219 531 sceleroso
228 498 344 540 comparant.
369 494 431 536 Quare
440 499 527 532 auctores
538 496 576 532 tibi
584 508 659 540 sumus,
672 494 736 530 Deum
744 493 836 536 verearis,

4 563 5 567 ¹
48 562 58 585 a
66 555 100 593 quo
109 540 191 577 iudicari
200 540 258 576 debet
266 539 417 585 uniuscuiusque
426 540 490 577 anima
497 553 531 588 pro
539 541 570 586 iis,
580 553 628 588 quae
637 541 669 576 hic
678 540 746 587 gessit,

3 587 6 628 J
90 586 153 623 XXX.
177 585 214 621 lllc
227 588 292 621 autem
303 585 339 622 hoc
353 585 433 621 audiens
445 587 494 621 risit.
518 585 602 633 eumque
615 587 731 623 diceremus:
752 584 791 620 Cur
801 595 837 620 uos

3 659 5 661 -
48 636 120 677 irrides,
136 631 168 678 qui
182 631 219 666 tibi
233 630 290 666 utilia
305 630 432 667 suadeamus?
456 631 527 676 Rideo,
542 632 613 678 iuquit,
632 632 712 668 stultam
726 631 837 678 opinionem

48 684 137 720 vestram,
156 676 208 721 quod
227 675 310 711 credatis
330 676 457 712 immortalem
477 689 519 713 esse
538 677 620 713 hominis
641 677 729 713 animam.
753 677 779 711 Et
800 686 837 722 ego

3 727 14 730 „
49 722 144 772 respondi:
166 722 209 757 Non
219 721 427 766 miramnr,oSimon,
440 723 457 757 si
468 722 535 758 fallere
546 734 581 758 nos
593 724 676 766 conaris,
692 723 727 757 sed
735 722 836 768 obstupes-

50 773 112 812 cimae,
121 772 159 813 qua
166 767 241 802 ratione
250 770 270 802 et
279 770 298 801 te
308 768 370 813 ipsum
379 767 471 813 decipias.
484 768 548 803 Effare
556 768 619 813 nobis,
629 768 700 812 Simon,
710 768 748 802 etsi
756 767 837 803 aliorum

50 826 101 854 nemo
110 816 227 858 compertum
238 811 319 856 habeat,
332 813 415 848 animam
427 824 469 848 esse
481 814 615 857 immortalem,
630 817 652 848 tu
664 816 730 848 tamen
743 816 763 848 et
773 824 808 847 uos
817 811 837 845 id

50 862 125 898 scimus:
138 860 160 892 tu
172 857 257 903 quidem,
273 857 335 903 utqui
348 869 390 893 eam
401 869 413 893 a
426 870 503 905 corpore
511 858 593 894 humano
606 857 734 905 separaveris,
747 861 766 893 et
779 856 838 893 collo-

50 910 102 943 cutus
111 903 146 947 sis,
156 906 176 938 et
184 902 315 949 imperaveris:
328 915 363 940 nos
371 914 426 948 vero,
434 908 456 939 ut
464 904 497 950 qui
509 903 634 948 adfuerimus,
647 908 666 940 et
675 903 776 949 imperium
784 901 837 939 audi-

50 951 137 992 verimus,
150 951 170 983 et
182 948 233 983 clare
244 948 356 994 viderimus,
371 948 391 984 id
403 950 453 996 quod
464 950 537 985 iussum
548 949 590 984 fuit.
614 950 640 984 Et
648 949 714 985 Simon
722 948 781 984 dixit:
794 948 837 992 Ego

50 996 123 1044 quidem
132 993 172 1028 scio
181 1019 185 1037 ,
194 993 241 1038 quid
250 993 329 1038 dicatis,
340 1006 374 1030 vos
387 999 451 1030 autem
459 995 549 1039 nescitis,
563 995 586 1030 de
598 995 668 1041 quibus
676 994 787 1039 loquamini.
811 994 838 1029 Et

0 1078 2 1080 ,
51 1053 84 1089 ogo
95 1039 175 1075 Nicetes
189 1039 238 1073 dixi:
257 1038 416 1086 Quandoquidem
430 1040 478 1085 scis,
493 1040 587 1075 edissere:
607 1040 637 1074 sin
649 1042 713 1075 auteur
724 1040 798 1083 neseis,
813 1050 838 1074 ne

0 1088 1 1091 ’
51 1085 145 1123 existimes
154 1083 220 1130 decipi
230 1095 265 1119 nos
277 1095 343 1130 posse,
356 1085 401 1120 dum
412 1085 450 1129 ais,
461 1085 568 1131 tequidem
579 1085 639 1128 scire,
651 1095 686 1119 uos
695 1087 760 1119 autern
767 1096 838 1130 nequa-

1 1164 6 1170 „
52 1142 109 1178 quam.
132 1127 187 1164 Adeo
202 1129 253 1164 enim
265 1130 332 1165 stolidi
345 1142 383 1166 uon
398 1142 471 1173 sumus,
485 1135 508 1165 ut
521 1130 578 1164 nobis
592 1129 666 1164 vairam
684 1129 761 1164 iniicias
779 1130 839 1175 suspi-

1 1174 6 1188 '³
52 1178 129 1216 cionem,
139 1185 177 1220 qua
186 1174 315 1209 existimemus
325 1175 399 1221 aliquid
406 1175 535 1210 ineffabilium
542 1175 632 1221 cognosci
643 1177 688 1217 ate,
698 1177 756 1220 atque
763 1175 839 1218 sicuos,

0 1239 2 1241 ’
53 1220 156 1267 eupiditate
165 1231 188 1254 ea
202 1222 239 1263 tos,
248 1219 268 1254 iu
276 1224 329 1255 tuam
337 1223 454 1266 potestatem
462 1220 552 1255 redactos
561 1223 633 1254 teneas.

0 1293 9 1296 ,,
96 1264 169 1299 XXXI.
188 1232 302 1311 diespondit
321 1264 398 1303 Simena
418 1265 553 1313 Quodquidem
574 1263 698 1299 disiunxerim
717 1264 799 1300 animam
816 1265 840 1299 ab

1 1321 9 1343 :c
53 1312 132 1346 humano
141 1321 225 1355 corpore,
234 1310 279 1345 novi
287 1322 321 1346 vos
330 1311 389 1354 seire,
398 1313 484 1346 attamen
492 1322 531 1347 non
539 1310 621 1345 animam
631 1309 717 1345 defuncti
725 1309 840 1352 ministrare,

1 1369 10 1402 ᾗμ
52 1368 91 1392 eum
104 1366 142 1390 uon
155 1356 234 1400 existat,
249 1356 283 1390 sed
298 1356 372 1402 operari
386 1355 470 1402 aliquem
485 1356 606 1399 daemonem,
621 1356 654 1401 qui
668 1366 689 1389 se
703 1355 786 1390 animam
798 1366 840 1390 esse

0 1411 4 1415 ‘¹
53 1401 136 1444 simulet,
147 1401 192 1435 novi
200 1412 234 1436 vos
243 1400 336 1448 ignorare.
360 1401 387 1436 Et
399 1412 435 1448 ego
446 1401 526 1437 Nicetes
539 1401 615 1447 excepi:
628 1401 652 1436 In
662 1400 703 1435 vita
711 1400 772 1436 multa
780 1401 841 1435 inere·

53 1446 118 1481 dibilia
133 1446 250 1490 arrdivimuS,
265 1446 301 1481 hoc
315 1451 380 1482 tamen
395 1453 480 1482 sermone
495 1446 620 1483 amentiorem
637 1458 672 1482 nos
689 1446 788 1482 amlituros
803 1457 842 1481 non

53 1491 172 1538 speravimus.
196 1492 245 1528 Nam
260 1491 277 1526 si
291 1492 372 1528 daemon
383 1490 450 1539 fingit,
467 1504 487 1528 se
500 1503 543 1528 esse
559 1492 642 1527 animam
654 1492 733 1536 mortui,
748 1492 790 1537 quis
804 1490 842 1526 fuit

53 1537 124 1572 animae
132 1549 184 1580 usus,
193 1540 215 1572 ut
223 1549 235 1573 a
243 1548 321 1583 corpore
333 1537 466 1583 separaretur?
482 1538 551 1575 Nonne
562 1537 569 1571 i
584 1537 600 1572 si
611 1540 723 1584 praesentes
734 1537 842 1573 audivimus

53 1586 77 1626 tc,
86 1593 128 1617 cum
137 1582 220 1618 animam
228 1593 238 1618 e
248 1588 325 1629 corpore
334 1583 439 1619 adiurando
448 1582 551 1619 evocares?
569 1550 597 1617 IIit
607 1595 644 1629 qua
651 1582 733 1626 ratione,
742 1595 779 1618 uuo
788 1582 841 1618 adiu-

52 1631 102 1671 rato,
116 1628 166 1663 alter
176 1640 215 1663 nou
226 1628 325 1663 adiuratus
337 1633 427 1675 tanquam
438 1629 511 1664 veritus
523 1627 603 1663 obedit?
623 1628 692 1664 Nonne
704 1629 762 1663 ctiam
774 1632 796 1663 tu
807 1627 841 1662 ali-

54 1672 127 1718 quando
136 1674 211 1709 anobis
219 1677 308 1720 rogatus,
318 1686 350 1709 cur
358 1674 454 1709 interdum
464 1677 562 1709 cessarent
570 1673 701 1716 assensiones,
713 1673 840 1719 respondisti:

54 1719 100 1760 Quia
111 1719 184 1762 anima,
197 1719 293 1764 completo
306 1731 362 1765 super
372 1724 442 1755 terram
453 1723 548 1765 tempore,
561 1719 612 1764 quod
622 1719 642 1753 in
654 1729 732 1764 corpore
740 1722 842 1764 peractura

54 1767 101 1807 erat,
111 1763 136 1798 ad
145 1764 217 1799 inferos
228 1764 291 1798 vadit:
304 1776 327 1799 ac
339 1765 464 1808 subiunxisti,
477 1765 550 1799 animas
562 1775 635 1807 eorum,
651 1763 683 1810 qui
694 1764 771 1809 propria
781 1767 842 1799 morte

55 1809 148 1852 obierunt,
158 1809 248 1854 quoniam
256 1809 276 1844 in
284 1809 351 1844 inferis
362 1809 408 1845 hinc
417 1810 530 1845 secedentes
542 1809 675 1845 custodirmtur
688 1808 794 1844 difficulter
801 1820 842 1856 per-

54 1854 104 1889 mitti
111 1853 190 1889 venire?
370 1878 373 1882 -

97 1898 181 1933 XXXII.
205 1899 259 1935 Haec
270 1899 351 1936 Nicctas
365 1901 407 1936 cum
419 1901 549 1946 exposuisset,
564 1899 606 1946 ipse
618 1898 690 1945 Aquila
702 1899 771 1935 iterum
785 1898 842 1934 dixit:

55 1943 140 1979 Idunum
148 1948 188 1980 ate
197 1945 271 1981 discere
278 1945 356 1990 vellem,
365 1958 376 1982 o
385 1944 456 1990 Simon,
466 1947 506 1981 sive
515 1945 579 1982 anima
587 1946 619 1989 sit,
628 1947 669 1981 sive
678 1945 759 1981 daemon
764 1945 786 1980 id
793 1945 845 1991 quod

56 1990 158 2034 adunatur,
167 1990 266 2026 cuiusnam
274 1995 327 2026 metu
335 1991 466 2027 adiurationes
477 2004 516 2028 non
527 1990 652 2032 coutemnit?
658 1991 684 2026 Et
694 1989 759 2026 Simon
766 2001 844 2037 respon-

57 2035 92 2070 dit:
105 2035 180 2071 Poenas
188 2036 277 2071 nimirum
285 2038 425 2082 persoluturam
433 2048 453 2072 se
461 2036 563 2083 intelligit,
571 2037 587 2071 si
596 2048 634 2072 non
643 2037 766 2082 obtemperet.
779 2035 844 2081 Atque

56 2079 125 2126 Aquila
137 2082 222 2127 excepit:
235 2081 304 2128 Itaque
317 2082 333 2117 si
344 2084 408 2118 anima
419 2082 507 2119 adiurata
520 2082 582 2125 venit,
597 2082 656 2117 etiam
668 2081 759 2116 iudicium
771 2080 798 2116 fit.
824 2080 844 2116 Si

57 2136 100 2173 ergo
111 2127 186 2162 animae
197 2130 242 2163 sunt
251 2127 378 2173 immortales,
390 2127 466 2164 omnino
476 2134 495 2164 et
503 2127 595 2163 iudicium
604 2130 640 2162 est.
664 2126 790 2168 Quamobrem
803 2127 820 2161 si
830 2127 844 2160 ii

57 2181 138 2217 quoque,
151 2172 184 2218 qui
198 2173 218 2208 iu
229 2173 299 2208 malam
311 2174 407 2209 actionem
416 2177 461 2209 suut
471 2173 564 2216 adiurati,
575 2183 611 2207 nee
623 2173 788 2218 obtemperarunt,
801 2183 845 2207 eon·

58 2216 158 2252 dcmnaudi
167 2221 218 2263 sunt,
226 2221 248 2253 ut
257 2218 296 2262 ais,
305 2230 342 2265 quo
350 2219 406 2254 modo
416 2222 437 2253 tu
445 2231 483 2255 non
491 2218 573 2253 timuisti
583 2228 662 2264 cogere,
672 2229 723 2261 eum,
733 2218 766 2263 qui
774 2229 845 2265 eogun-

59 2268 92 2305 tur,
101 2268 178 2309 propter
186 2264 326 2299 contumaciam
333 2276 405 2310 poenas
417 2264 485 2299 luant?
497 2264 547 2299 Nam
558 2267 578 2297 te
590 2263 628 2297 iam
639 2275 677 2299 non
690 2274 732 2298 esse
744 2264 845 2299 multatmn

1 2351 2 2355 Ἰ
58 2318 89 2351 pro
98 2307 131 2352 iis,
143 2319 192 2354 quae
201 2309 320 2356 designasti,
330 2321 352 2345 eo
362 2309 434 2352 evenit,
447 2309 535 2355 quoniam
546 2308 639 2343 iudicium
650 2308 734 2343 nondum
743 2313 782 2353 est,
795 2312 816 2344 ut
825 2313 846 2343 tu

1 2363 12 2398 23
59 2352 133 2396 quidem
145 2365 217 2400 poenas
230 2355 263 2390 des
277 2366 350 2399 eorum,
362 2354 387 2390 ad
401 2366 449 2400 quae
461 2353 552 2401 coegisti,
568 2354 619 2399 quod
630 2359 695 2390 autem
710 2358 797 2390 coactmn
809 2358 845 2396 est,

59 2434 195 2443 κ.-

60 2479 78 2510 0.
87 2498 107 2502 -
119 2478 138 2525 3)
149 2483 180 2515 καὶ
190 2493 222 2515 om.
231 2483 253 2515 V.
265 2501 288 2505 —-
298 2479 317 2526 4)
330 2479 352 2517 τὰ
364 2483 410 2514 deest
417 2482 436 2514 in
465 2481 565 2527 δοκοῦμεν.
575 2500 593 2504 -
603 2478 622 2526 3)
631 2483 662 2515 καὶ
669 2492 702 2515 om.
711 2482 730 2513 Ο.
739 2500 762 2504 -
769 2475 789 2526 4)
798 2492 846 2525 apo-

60 2523 135 2568 r.—5)
145 2536 165 2561 σε
174 2524 255 2571 0,-6)
264 2524 378 2573 βουλεύομεν
387 2529 436 2560 0.-
466 2526 537 2572 csdpr‘ur
548 2527 567 2559 0.
587 2528 635 2559 luter
643 2527 801 2570 spiritusparedros
810 2528 847 2559 oni-

14 2576 16 2578 ’
61 2565 77 2612 I)
87 2568 136 2613 ilar
145 2573 165 2605 0.
245 2584 246 2587 ’
466 2583 502 2604 mae
517 2574 622 2604 mortuorum
635 2572 747 2615 ponebantur.
777 2573 848 2605 Praeter

7 2657 9 2659 ‚
94 2638 107 2670 0
175 2642 181 2651 ,
309 2644 311 2646 ,
340 2639 362 2667 ..χ
414 2658 437 2663 -
465 2619 539 2659 Recogn.
551 2616 574 2657 H,
587 2613 613 2648 13.
633 2617 665 2658 III,
679 2613 703 2648 44
717 2620 778 2650 testem
789 2618 847 2651 damus

5 2676 10 2710 j
61 2649 136 2724 Qwffi
145 2641 205 2718 {XX
230 2639 246 2681 1)
262 2642 358 2675 '‘dmm‘'
379 2640 399 2672 0'
466 2663 549 2740 {risurum
557 2662 640 2739 ἐροῙᾝ,
652 2659 705 2705 μὸὃ.
723 2664 848 2696 Cotelerr'aa—

7 2775 10 2777 ,
66 2789 70 2799 ¹
95 2750 209 2794 CapXXXI.
234 2750 439 2797 1)ItaEpit.c.3l,rcl
479 2705 626 2796 indipIiIXXXII.
644 2748 729 2797 lloinou
737 2755 788 2794 estin
797 2755 848 2788 0.—

4 2800 7 2815 ³
62 2793 205 2843 οΝικήνηςὲφη
215 2798 335 2839 Hom.11,30.
346 2818 369 2822 —
383 2796 402 2843 2)
411 2799 439 2831 Sie
468 2795 487 2843 ⁴2)
497 2798 535 2833 ἐστι
545 2798 564 2830 0.
573 2816 596 2820 —
610 2794 628 2841 3]
638 2796 679 2832 uide
688 2799 708 2831 Ο.
719 2818 741 2822 -
753 2797 772 2844 4)
781 2797 848 2838 (aedes.

4 2841 19 2879 s
61 2840 440 2889 etHometEpitl,eExspeetassesnpoo—
470 2844 518 2876 inv.
548 2888 551 2891 y
