1827 3065
178 137 210 169 An
219 137 353 170 συνταραττο
361 137 416 169 noti.
426 136 489 174 auru
497 136 549 169 ran.
558 133 679 168 nonnus.
784 124 828 166 325

35 236 107 273 similes
115 235 160 279 loci,
169 238 191 269 nt
198 247 217 281 p.
225 236 265 279 374,
275 236 291 280 7,
300 236 339 280 378,
347 236 398 282 4sq.‚
410 235 450 279 386,
460 235 514 281 lOsq.
524 238 544 270 ct
553 234 613 280 l4sq.,
622 231 663 276 403,
674 233 728 278 l8sq.
753 232 830 275 Quibus

34 280 134 331 perpensis
146 281 311 317 verosimillimum
323 293 402 325 censeo,
411 282 504 328 scriptum
515 280 585 317 fuisse:
598 282 632 321 ἔξω
645 280 667 315 δὲ
678 278 828 324 αὐτῇς-κρα-

33 333 116 374 ν-είσης
123 327 172 376 πρὸς
180 325 214 372 τὴν
222 329 288 375 κρᾶσιν
297 332 438 376 συμβέβηκεν
446 330 498 373 cett,
509 327 545 362 nisi
556 326 608 373 quod
616 325 709 371 concedo,
719 325 777 361 etiam
785 326 828 361 fieri

33 385 90 422 posse
98 375 120 408 ut
128 373 213 420 positum
220 372 287 409 fuerit:
296 374 353 420 αὐτῆ
359 395 383 399 -
390 378 486 421 κρανιίση.
502 373 584 409 Locutio
593 371 643 422 πρὸς
651 370 686 417 τὴν
691 373 759 419 κρᾶσιν
768 371 827 419 signi-

0 449 1 452 ,
33 421 88 456 ficat:
98 419 215 462 „secundum
223 414 351 465 mistionem‘i,
359 420 413 455 valet
421 412 481 465 igitn'r
489 419 528 454 fere
536 419 588 454 idem
596 417 649 465 quod
657 429 675 463 p.
684 418 725 462 374,
735 418 752 461 7,
760 417 801 462 378,
810 417 827 463 4,

33 465 73 508 403,
83 464 106 499 18
114 463 174 499 dictio
184 466 206 514 τῇ
214 464 283 512 κράσει.
296 464 380 500 Subinde
389 464 421 501 διὰ
429 469 449 499 τί
455 464 567 499 Dresselius
572 463 670 509 reposuit,
680 462 763 499 codch
772 475 827 510 prae-

32 512 76 546 bet:
86 513 119 550 τὶς.
143 509 181 545 llla
190 513 301 557 conjectura
309 510 387 544 minime
397 509 505 553 consultum
514 520 557 544 esse
565 509 608 544 loco
618 508 729 554 depravato,
737 508 826 555 pluribus

34 557 164 591 demonstrare
173 566 221 601 opus
229 567 268 591 non
277 558 312 590 est.
325 554 361 589 Est
368 557 431 589 autem
440 553 467 588 sic
476 553 632 589 constituendus:
642 554 667 594 ὠς
675 560 732 597 νοεῖν,
742 554 771 591 ὅτι
780 557 828 592 efod

33 602 69 650 μὲν
78 603 173 638 τέκνον-
182 602 214 642 siet,
224 603 250 646 τῆ
255 616 264 641 ς
272 602 292 637 δὲ
300 622 324 627 —-
332 602 435 648 ἐπεγίνετο.
453 598 543 645 Denique
551 599 619 635 verba:
627 599 664 637 ἀλλ’
675 600 718 637 οὔτε
727 599 758 636 ὑπ’
767 601 828 637 αὐτοῦ

34 650 163 695 προβέβληται,
172 658 230 692 quum
238 646 353 692 praesertim
359 657 395 702 pro
402 643 445 681 οὔτε
452 643 538 680 exhibet:
548 645 570 681 οὐ
578 647 604 688 δὲ,
613 647 641 681 ita
648 649 693 681 sunt
698 646 826 692 restituenda,

33 696 55 728 nt
65 691 171 728 scribatur:
179 692 218 728 ἀλλ’
228 692 280 729 οὐδὲ
293 690 330 739 ὑφ’
340 692 414 727 αυτοιῖ
421 690 453 724 vel
460 711 483 715 —
491 690 512 725 id
520 690 572 737 quod
590 690 696 727 robabilius
705 693 754 728 duco
762 714 786 719 —
795 693 826 729 ὑπ’

33 737 103 778 αὐτὸς
117 738 176 774 αὐτοῦ
184 740 315 785 προβέβληται.
338 735 406 772 Dictio
418 734 455 771 ἀλλ’
469 736 512 772 οὐδὲ
527 702 633 782 signiheat:
648 749 722 783 „neque
730 741 796 782 vero“,
805 743 827 774 ut

33 797 51 830 p.
60 782 101 827 411,
111 784 126 819 i.
149 782 196 818 Pari
210 783 280 829 injuria
288 793 346 828 supra
353 795 371 828 p.
380 781 429 825 27,3
442 780 501 816 dictio
510 782 554 817 οὐδὲ
569 781 607 827 alp,
619 781 638 817 h.
647 793 663 817 e.
672 794 747 828 „neque
756 783 826 828 enim“,

35 840 92 875 quam
99 828 181 875 praebet
190 829 250 863 roden
259 825 281 871 Ο,
291 828 351 862 cessit
360 826 466 872 scripturae
475 826 548 861 codicis
557 795 572 860 41
581 826 624 863 οὔτε
631 826 672 874 γὰρ,
687 827 775 874 Utroque
782 828 826 865 loco

0 891 1 895 ¹
34 877 64 910 est
73 873 126 909 οὐ-
135 873 184 915 οὔτε,
196 877 218 908 ut
230 873 313 920 saepius
337 872 368 908 De
383 870 482 907 locutione
497 870 528 907 ὑπ’
540 871 596 912 αὐτὸς
607 872 666 908 αὐτοῦ
677 872 710 908 cfr.
723 876 789 909 adnot.
801 876 826 910 ad

0 949 1 952 ,
33 932 51 966 p.
60 919 100 965 393,
109 920 136 955 13.
160 918 231 955 Verbis
239 919 294 954 hisee
303 921 348 964 apte
362 916 452 965 opposita
461 921 505 952 sunt
513 917 580 952 verba:
596 916 638 954 οὔτε
651 917 760 966 αὐτομάτως
768 934 827 965 ιτροε-

34 965 120 1011 λήλυνενΔ
131 965 220 1011 Namque
228 964 344 1000 vocabulum
352 963 464 1012 αὐτομάτοις
469 974 507 998 non
517 965 612 1009 ,,εροι11το“
622 962 726 1010 significat,
734 968 756 999 ut
762 967 827 1001 existi·

34 1011 93 1046 mavit
101 1010 220 1056 Dressclius,
229 1010 264 1046 sed
272 1011 348 1056 ‚‚casu“.
364 1009 507 1055 Comparandus
516 1014 547 1044 est
554 1008 648 1055 imprimis
658 1008 719 1054 locus,
731 1011 762 1055 qui
771 1015 801 1046 est
809 1024 827 1058 p.

33 1056 73 1102 378,
82 1056 93 1090 7
98 1068 132 1104 sq,
140 1056 174 1092 ubi
182 1059 204 1091 ut
212 1057 280 1092 verba:
293 1056 360 1093 ἑαυτὸν
369 1053 509 1109 δημιουργήσας
518 1053 637 1101 respondent
644 1054 719 1090 verbis:
728 1055 759 1102 ὑφ’
770 1058 828 1093 αὑτοῦ

33 1102 65 1137 vel
74 1101 105 1137 ὑπ’
113 1101 169 1142 αὐτὸς
177 1102 236 1137 αὐτοῦ
244 1105 373 1149 προβέβληται,
382 1112 410 1136 src
418 1112 452 1145 pro
463 1099 528 1135 verbis
540 1099 621 1146 ineptis:
631 1098 670 1135 ὑπὸ
682 1102 730 1137 θεοῦ
740 1102 826 1148 χτχονώς,

34 1146 139 1182 secundum
150 1147 217 1183 verba:
231 1147 274 1184 οὔτε
286 1146 395 1196 αὐτομάτως
404 1145 539 1191 προελήλυθεν,
550 1145 685 1191 corrigendum
694 1156 773 1182 censeo:
783 1147 828 1183 ὑπὸ

34 1208 59 1229 το
66 1195 77 1229 ι]
85 1194 122 1235 (vel
131 1192 171 1235 ὑπ’)
180 1192 323 1242 αὐτομάτου,
333 1193 349 1227 si
357 1193 407 1227 hanc
416 1192 522 1227 dictionem
528 1202 590 1237 aequo
597 1192 641 1236 jure
650 1189 758 1226 adhibitam
766 1191 827 1228 fuisse

34 1238 130 1285 conjicere
138 1238 186 1273 licet
196 1242 254 1285 atque
263 1238 383 1274 usitatiorem
394 1238 457 1273 illam:
470 1236 552 1273 ἀπὸτοῦ
563 1235 679 1283 αὐτομάτου,
690 1247 770 1283 eamque
779 1250 827 1285 qnae

35 1296 91 1330 supra
104 1297 122 1330 p,
134 1284 173 1328 169,
187 1286 197 1320 7
212 1290 232 1320 et
239 1284 279 1328 208,
288 1284 300 1319 4
308 1283 414 1319 invenitur:
424 1286 444 1319 {x
453 1284 488 1318 τοῦ
496 1280 609 1330 αὐτομάτου,
619 1284 639 1322 ἐξ
645 1281 759 1330 αὐτομάτου.

79 1330 101 1365 P.
109 1329 170 1373 404,ss
182 1341 205 1364 ex
217 1341 260 1365 mea
275 1329 373 1365 sententia
385 1328 458 1364 codicis
470 1325 486 1362 Ο
499 1328 595 1373 scriptura
608 1327 736 1375 μνημονεύετε
749 1328 827 1365 minime

34 1376 127 1410 mutanda
142 1379 184 1410 erat
197 1375 217 1409 in
231 1374 374 1423 μνημονεύεται.
400 1372 473 1416 Quidni
491 1374 541 1408 enim
560 1376 627 1418 aptum
642 1374 829 1415 „mementote“?—

0 1444 1 1447 =
34 1420 57 1456 V.
67 1420 77 1455 7
87 1421 139 1466 quod
146 1420 228 1467 legitur:
240 1420 262 1455 οὗ
271 1422 300 1461 ti,
313 1420 360 1454 mihi
369 1420 459 1463 debetur,
473 1418 493 1453 in
505 1417 618 1465 apographo
629 1418 754 1454 Dresseliano
764 1420 828 1465 potius

0 1497 1 1507 2
35 1466 80 1503 οὐδὲ
88 1466 151 1501 inesse
166 1466 248 1501 videtur.
261 1487 284 1491 —
295 1466 318 1501 V.
330 1466 375 1511 θνα.
387 1464 498 1501 Dresselius
511 1464 560 1499 hacc
569 1464 629 1499 verba
637 1465 712 1508 posuit:
728 1464 790 1515 ἔνχέιρ
803 1467 829 1511 τῷ

0 1511 1 1532 ³
34 1515 96 1559 λέγειν
104 1516 150 1552 ἴσως
158 1511 193 1557 οὐχ
202 1511 226 1551 ὡς
238 1514 287 1558 ἔχων
296 1511 305 1547 ὁ
313 1510 446 1559 φθεγξάμενος
457 1508 591 1557 ἁμαρτήσεται,
605 1520 655 1555 quae
665 1508 693 1544 ita
701 1510 762 1546 latina
771 1510 829 1546 fecit:

0 1579 1 1582 =
34 1569 90 1603 „nam
99 1557 275 1603 interloquendum
285 1556 352 1593 forsan
361 1558 387 1600 is,
400 1556 433 1602 qui
445 1555 539 1601 loquitur,
552 1559 622 1601 peccat
630 1554 726 1591 inscitia“.
741 1554 769 1591 At
777 1556 828 1591 enim

34 1614 98 1650 neque
106 1604 210 1638 verborum
216 1601 480 1647 graecorumrestitutionem
488 1612 552 1647 neque
558 1600 739 1645 interpretationem
748 1601 828 1637 latinam

35 1648 135 1684 ferendam
148 1658 199 1690 esse,
215 1648 273 1683 facile
286 1652 316 1683 est
324 1648 348 1683 ad
356 1646 511 1693 intelligendum.
536 1645 602 1681 Codex
617 1643 633 1679 Ο
647 1647 739 1691 praebet:
756 1646 794 1694 οὐχ’
805 1646 830 1688 ὡς

36 1697 80 1740 ἔχον
110 1693 142 1729 An
157 1693 279 1728 scribendum
295 1697 333 1728 est:
348 1694 369 1730 ἒν
380 1692 415 1740 μὰρ
430 1694 457 1738 τῷ
468 1695 529 1739 λέγειν
541 1695 586 1731 ἴσως
598 1691 633 1738 οὐχ
644 1690 668 1731 ὠς
681 1694 725 1738 ἔχον
739 1694 804 1729 ἐστὶν
819 1692 829 1728 ὁ

35 1743 109 1787 λέγων
122 1737 253 1787 ριντχξάμενος
262 1738 307 1787 ipa?
323 1737 459 1775 construenda
467 1738 526 1773 verba
535 1736 569 1783 οὐχ
578 1736 603 1777 ὠς
611 1737 655 1783 ἔχον
665 1738 718 1774 ἐστὶν
726 1737 751 1784 (h.
759 1749 774 1773 e.
784 1741 828 1785 ἔχει,

39 1798 90 1831 ,μου
98 1788 121 1819 ut
128 1796 173 1820 vere
181 1795 211 1819 res
219 1784 297 1826 habet“]
307 1783 443 1837 φθεγξάμενος.

83 1829 154 1874 14405,
166 1829 177 1863 3
190 1829 301 1865 Dresselius
322 1830 395 1876 codicis
413 1827 429 1863 Ο
447 1830 562 1874 scripturam
579 1828 704 1863 mendosam:
721 1828 731 1864 ὁ
746 1829 829 1877 πονηρὸς

38 1874 99 1922 σκότῳ
108 1881 215 1923 χαίρουσαν
226 1875 260 1920 τὴν
272 1877 340 1921 κρᾶσιν
349 1874 440 1922 γεγονώς,
452 1873 534 1909 mutavit
542 1873 562 1907 in
572 1872 581 1908 ὁ
590 1887 610 1909 ττ.
620 1884 648 1909 σκ.
657 1878 733 1921 χαίρειν
740 1873 787 1910 κατὰ
796 1874 830 1920 τὴν

38 1936 64 1967 κρ.
73 1936 91 1969 χ.
114 1921 141 1956 At
152 1921 244 1956 mendum
253 1923 318 1967 potius
329 1922 381 1956 inest
394 1921 415 1955 in
427 1921 487 1955 verbo
499 1917 590 1966 γεγονώς,
601 1929 636 1964 pro
650 1930 688 1965 quo
698 1919 830 1955 scribendum:

38 1965 158 2015 λελογχώς.
174 1966 233 2011 Infra,
241 1979 260 2013 p.
269 1967 296 2013 11,
309 1968 332 2003 de
343 1967 409 2002 eodem
422 1967 464 2012 ipso
476 1966 528 2000 Malo
537 1964 606 1999 iisdem
615 1963 655 1999 fere
664 1965 729 2000 verbis
738 1965 831 2010 scriptum

37 2013 118 2060 legitur:
129 2018 193 2053 κακοῖς
200 2017 305 2061 χαίρουσαν
314 2011 405 2060 λελογχώς
412 2014 487 2057 κρᾶσιν,
499 2010 533 2046 ubi
544 2008 675 2056 apographum
683 2010 830 2046 Dresselianum

36 2059 153 2104 praebebat:
162 2058 246 2105 λελαχώς,
254 2069 303 2104 quae
310 2059 406 2105 scriptura
411 2060 512 2102 monstrat,
518 2068 574 2104 quam
581 2055 760 2100 facilevocabulum
766 2056 830 2101 priore

36 2106 79 2140 loco
88 2104 109 2139 in
116 2103 198 2151 γεγονὼς
207 2104 307 2150 depravari
321 2103 412 2150 potuerit.
420 2124 443 2129 —
451 2103 474 2139 V.
483 2103 542 2159 7εοχρ.
550 2100 599 2136 haec
607 2101 708 2145 leguntur:
721 2105 738 2137 εἴ
747 2100 770 2146 δὴ
781 2100 790 2137 ὃ
799 2103 831 2148 τῆς

36 2154 100 2190 κακίας
107 2148 183 2205 ἡγεμὼν
191 2149 294 2198 ἅνθρωπος
303 2148 329 2187 ὤν
338 2149 360 2186 οὗ
367 2152 464 2196 πέμπεται
474 2151 500 2188 εἰς
509 2162 530 2184 το
539 2145 606 2185 σκότος
616 2145 641 2185 ὠς
648 2144 675 2194 μὴ
684 2144 745 2192 τούτῳ
750 2151 829 2196 χαίρων,

37 2195 80 2232 τότε
89 2196 111 2231 οὗ
120 2197 198 2231 ovinam.
207 2195 217 2240 ἡ
226 2201 289 2236 κακοῖς
299 2196 358 2231 αὐτοῦ
362 2200 457 2242 χαίρουσα
467 2195 532 2239 κρᾶσις
540 2193 715 2238 μετασυχκριθῆιάι
723 2196 749 2232 εἰς
757 2193 831 2239 ἀγαθοῦ

37 2246 155 2289 προαίρεσιν.
167 2244 197 2276 καὶ
205 2240 265 2281 οὕτως
273 2240 345 2287 ἀγαθὸς
357 2245 441 2276 συνεῖναι.
449 2237 559 2285 κριθήσεται
568 2240 613 2272 cett.
636 2238 723 2273 Primum
731 2238 830 2284 negotium

37 2286 137 2322 facessunt
145 2285 205 2322 verba
213 2285 317 2331 ἱέντα-ρωπος
328 2284 362 2325 ὤν,
375 2295 424 2331 quae
436 2285 495 2319 etiam
507 2283 524 2317 si
535 2283 563 2318 ita
572 2282 615 2328 capi
623 2287 713 2327 possent,
722 2286 744 2318 nt
752 2295 763 2318 a
771 2282 830 2318 Dres-

38 2332 85 2367 selio
94 2330 213 2376 factumest,
223 2335 257 2376 „ut
264 2330 333 2366 homo“
344 2331 477 2375 interpretato,
486 2329 580 2363 mutanda
589 2332 660 2364 essent.
683 2328 732 2364 Mihi
739 2329 830 2375 prohabi-

37 2378 131 2413 lissimum
139 2376 226 2421 videtur,
238 2388 273 2422 pro
285 2375 388 2423 ἑαινρωττος
400 2374 505 2422 legendum
520 2385 572 2409 esse:
587 2373 729 2425 &veprium
752 2373 830 2409 Deinde

37 2435 71 2469 pro
80 2422 124 2459 τότε
132 2422 154 2458 οὐ
166 2421 254 2467 δύναται,
267 2433 317 2468 quae
331 2422 442 2467 conjectura
454 2424 484 2456 est
493 2420 598 2465 Dresselii,
614 2430 674 2465 quum
682 2419 743 2455 codex
752 2417 767 2454 0
776 2430 830 2465 prae-

37 2471 92 2505 beat:
104 2467 126 2504 τὸ
136 2469 161 2510 δὲ,
171 2466 254 2509 δύναται,
263 2467 351 2503 faciliore
360 2467 467 2502 mutatione
477 2466 562 2502 scribere
574 2466 630 2501 licet:
644 2467 678 2502 τιῶ
682 2481 691 2506 ς
705 2464 731 2510 δὴ
746 2463 830 2507 δύναται,

39 2526 77 2561 quo
86 2514 139 2549 facto
147 2524 181 2558 pro
193 2517 266 2558 puncto
277 2512 370 2558 maximo,
384 2512 436 2559 quod
448 2515 478 2548 est
490 2515 536 2558 post
544 2515 664 2559 προαίρεσιν,
674 2510 830 2556 interrogationis

39 2566 115 2607 signum
123 2559 234 2603 ponendum
243 2559 285 2594 erit.
309 2557 400 2605 Denique
409 2558 469 2593 dictio
478 2557 550 2603 ἀγανὸς
559 2562 642 2593 συνεῖναι
651 2555 707 2590 nihili
716 2559 751 2591 est.
775 2555 831 2591 Volu-

39 2609 80 2640 erat
94 2604 188 2649 scriptor:
201 2604 281 2652 ἀγαθῷ
296 2609 387 2646 συνεῖναι,
401 2603 476 2646 ‚,hono,
489 2602 588 2638 commodo
600 2601 663 2646 frui“;
680 2600 713 2636 cfr.
727 2601 832 2637 dictionem

39 2651 151 2699 εὐδαιμονία
160 2655 241 2687 συνεῖναι
255 2648 307 2695 apud
314 2647 395 2684 Lucian.
414 2648 448 2683 Bis
457 2647 504 2683 Ace.
512 2647 548 2682 ΙΙΙ.
561 2667 585 2672 -
596 2646 620 2683 V.
629 2645 652 2681 14
660 2657 688 2693 sq.
700 2646 773 2682 codicis
786 2647 832 2682 scri—

38 2700 95 2743 ptura
101 2698 247 2741 repraesentata
253 2697 283 2731 est
290 2693 371 2730 haecce:
381 2695 437 2730 τοῦτο
447 2697 473 2734 εἰς
482 2692 516 2738 τὴν
525 2694 560 2729 τοῦ
566 2694 656 2738 πονηροῦ,
665 2691 745 2742 ὕστερον
752 2705 832 2741 γενησο-

38 2746 99 2791 μένην
111 2744 142 2787 τῆς
153 2744 225 2790 τροπῆς
235 2740 385 2790 μετασὺχκραοιν
397 2740 534 2790 μυστηριωτῖιῦς
545 2738 556 2783 ἡ
567 2738 630 2786 γραφὴ
644 2739 738 2786 ἐσομένην
750 2739 833 2790 προεδή-

40 2792 105 2825 λωσεν.
130 2787 162 2822 Ad
172 2799 240 2824 vocem
252 2785 404 2836 μετασύγκρασιν
412 2784 523 2822 Dresselius
532 2784 617 2829 adnotat,
628 2795 648 2820 se
656 2784 725 2820 malle:
738 2784 833 2832 μετασύχ-

40 2845 107 2880 κρισιν,
131 2834 163 2868 Ita
175 2833 298 2870 scribendum
310 2835 352 2869 erat
367 2832 409 2868 sine
424 2831 558 2867 haesitatione.
581 2830 625 2866 Vox
638 2829 795 2882 μιτασύμκρασις,
809 2830 833 2866 ab
845 2863 846 2866 ,
