1824 3065
89 161 131 205 322
289 170 670 206 r.wmsrannrlunorlrr.crrrr.

89 272 168 310 πάντων
181 276 219 310 τῶν
232 272 327 319 ἀκροατῶν
341 269 447 317 significat:
465 281 542 316 „coram
558 268 646 305 omnibus
662 268 802 316 auditoribns“,
821 283 881 320 aeque

89 322 149 366 atque
165 318 230 365 paullo
247 328 304 362 supra
319 328 337 352 v.
351 316 382 351 14:
399 318 430 351 ἐπὶ
445 315 531 358 πάντων,
547 326 622 360 „eoram
637 314 744 350 omnibus“.
769 314 807 351 Ofr.
823 319 881 357 etiam

92 364 196 400 dictionem
208 362 242 399 τὸν
252 364 283 398 ἐπὶ
295 363 332 398 τῶν
341 360 401 409 ὄχλων
410 364 493 410 ἔλεγχον,
509 372 558 407 quae
571 364 601 396 cst
613 374 631 408 p.
640 360 680 405 373,
690 361 720 405 13,
729 364 752 396 ut
760 361 798 397 alia
806 365 881 401 taceam

38 449 40 451 ,
92 411 180 456 exempla
191 409 340 453 praepositionis
351 406 425 444 abhoc
437 407 529 453 scriptore
541 407 618 452 saepius
630 407 698 442 eodem
710 405 823 453 significatu
830 409 882 446 adhi-

90 456 151 493 bitae.
159 475 182 480 —-
189 453 212 490 V.
221 452 288 509 lssqu.
297 464 347 499 quae
355 452 461 499 reperimus
469 454 538 489 verba:
547 456 605 501 πέρας
612 455 659 501 γοῦν
668 452 701 488 οὐκ
710 453 768 500 οἶμαι,
779 454 800 489 σὲ
808 455 841 489 ἐπὶ
848 455 882 501 νην

93 500 169 546 ζήτησιν
177 502 244 543 ἐλθεῖν,
253 513 277 540 ως
286 499 379 545 ὑπέσχου,
388 498 434 535 ἀλλὰ
446 498 494 547 πρὸς
506 500 533 545 τῴ
545 500 609 534 δοκεῖν
617 497 643 546 μὴ
655 499 752 534 αἰτιᾶσθαι
763 497 817 537 ἐξιὼν
825 500 882 539 ἔπαν-

92 550 155 584 ελλνεῐν
166 545 281 591 insufflant,
296 555 319 580 ea
331 544 441 580 etiamnunc
453 544 491 580 duo
505 543 604 579 continent
619 543 693 579 menda.
717 543 784 578 Dictio
796 543 846 591 πρὸς
857 550 883 593 τῷ

92 593 155 627 δοκεῖν
163 601 240 625 sensum
247 590 339 626 idoneum
346 601 384 626 non
392 591 479 636 praebet.
499 588 645 635 Corrigendum:
662 588 710 637 πρὸς
721 588 746 624 τὸ
761 590 835 629 δοκεῖν,
849 597 883 634 „ut

90 635 201 671 videreris“.
214 636 318 671 Praeterea
325 634 422 671 Dresselii
430 636 542 682 conjectura
550 636 648 671 αἳτιᾶοσαν
656 645 694 669 non
703 633 805 669 satisfacit.
819 633 883 671 Codex

93 679 117 717 0:
127 684 227 718 αἰτεῖσθαι.
251 679 377 717 scribendum
386 685 437 717 erat:
446 682 568 727 ἡττῆσθαι.

137 727 158 762 Ρ.
166 727 206 773 395,
215 727 258 773 5sq.
266 738 291 762 ne
300 727 343 773 quis
352 726 375 763 de
384 728 453 763 mendo
462 730 554 773 suspecta
565 725 637 761 habeat
645 724 712 760 verba:
724 723 773 774 μετὰ
780 726 819 762 τῶν
828 737 883 773 συνη-

91 776 188 818 θεστέρων
201 774 265 810 εἰσιὼν
277 776 326 809 οἴκοι
341 775 444 818 taut-entra,
459 783 536 817 moneo,
549 770 677 808 construenda
692 782 734 806 esse
748 769 807 806 verba
821 772 884 809 εἰσιὼν

93 823 147 862 οἴκοι,
156 819 184 854 ita
192 822 214 853 ut
223 823 272 854 οἴκοι.
281 820 307 854 sit
315 817 423 862 „domnm‘¹,
432 818 536 853 secundnm
543 828 599 852 usum
608 817 706 859 rariorem,
716 816 771 862 cujus
778 817 884 863 exemplum

93 867 157 900 exstat
165 864 222 900 etiam
231 863 251 898 in
259 862 354 909 Xiphilini
362 862 465 908 Excerptis
478 874 501 898 ex
513 862 580 898 Cassio
588 861 654 897 Dione
662 863 690 908 75,
698 862 718 896 9:
731 866 780 898 οἴκοι
788 861 883 910 ἀναχωρη-

93 908 172 946 σάντων.
183 929 206 935 —-
217 906 290 943 Contra
305 908 427 954 corruptelae
438 907 542 943 manifesta
549 913 550 916 ’
557 911 601 942 sunt
612 908 680 951 verba,
698 918 746 952 quae
758 911 803 942 sunt
813 920 832 944 v.
840 907 851 941 7
856 919 860 942 ε
874 908 883 944 ὀ

91 953 142 995 θεός,
155 953 164 989 ὁ
174 952 294 1002 ἐκλεξάμενος
302 964 323 989 σε
330 957 361 989 καὶ
374 958 444 1000 σοφίας
453 951 575 993 ἀναπαύσεως
587 954 623 1003 μὲν
636 954 697 990 ἕνεκεν
706 954 744 989 τῶν
752 952 882 1002 εὐγνωμόνων.

93 998 151 1035 Ocius
161 1000 245 1047 corrige:
255 1002 361 1046 σοφίσας.
378 1002 476 1045 Σοηιίζενν,
486 1010 523 1045 quo
531 999 591 1034 verbo
601 998 632 1033 liic
641 999 723 1044 scriptor
731 1009 777 1033 usus
786 1003 816 1034 est
825 997 883 1034 etiam

106 1044 154 1090 .118‚
163 1045 191 1089 19,
201 1050 219 1080 et
227 1045 290 1091 paul,
299 1045 315 1089 6,
324 1043 429 1090 significat:
438 1044 650 1091 „sapientemreddere,
657 1043 776 1079 institueret
784 1065 807 1070 -
815 1043 884 1091 V.9sq.

91 1056 140 1127 iaec
147 1090 269 1136 reperiuntur
276 1091 356 1135 scripta:
365 1093 396 1127 καὶ
403 1090 449 1139 ἡμῖν
458 1093 479 1127 δὲ
487 1095 532 1136 περὶ
538 1091 627 1135 πονηρῶν
634 1092 754 1136 διαλεχθῆναι
761 1101 782 1126 σε
789 1090 882 1139 ἀξιοῦμεν,

92 1139 199 1178 ἐλπίζοντες
208 1135 335 1183 ννηοιώτερόν
345 1148 365 1172 σε
376 1135 422 1184 ἡμῖν
430 1136 465 1173 τὸν
473 1139 516 1179 περὶ
524 1136 582 1172 αὐτοῦ
590 1135 669 1184 &aprima
679 1136 740 1182 λόγον.
764 1135 885 1172 Vocabulum

93 1183 183 1228 πονηρῶν
192 1192 250 1227 quum
262 1182 301 1227 jam
314 1192 355 1217 eam
367 1181 391 1216 ob
404 1192 493 1216 caussam
506 1180 601 1223 offendat,
613 1181 664 1227 quod
675 1181 750 1226 plurale
763 1185 801 1226 est,
813 1184 854 1215 turn
865 1181 885 1216 in

93 1229 199 1274 πονηροῦ
213 1225 325 1261 mutandum
341 1236 384 1262 esse
399 1230 494 1262 monstrat
509 1237 593 1272 sequens
609 1230 654 1274 περὶ
665 1226 728 1262 αὐτοῦ.
753 1224 792 1261 cfr.
802 1226 859 1261 etiam
867 1238 885 1272 p.

92 1272 134 1316 396,
145 1273 156 1307 3
169 1275 189 1307 et
200 1270 227 1306 13.
251 1270 288 1306 Pro
304 1270 381 1319 ἑκφαναι
393 1272 525 1318 apographum
535 1271 682 1308 Dresselianum
699 1271 789 1317 praebet:
804 1271 884 1319 ἔκφάνει.

93 1317 144 1363 Ergo
154 1316 224 1364 aliquis
234 1317 326 1362 conjiciat
335 1317 457 1353 scribendum
466 1329 518 1353 esse:
530 1319 647 1366 repuncta
662 1317 705 1365 Ego
712 1320 778 1353 tamen
786 1317 852 1352 nescio
861 1329 885 1353 an

92 1363 156 1409 potius
166 1362 258 1409 scriptum
266 1363 328 1398 fuisse
337 1363 408 1397 dicam:
420 1365 523 1412 ἐκφῆναι.
539 1364 569 1399 De
582 1363 654 1399 aoristo
665 1362 729 1398 verbis
742 1362 832 1409 sperandi
842 1363 885 1399 sub·

52 1425 55 1430 ·
91 1410 161 1456 juncto
170 1408 204 1444 cfr.
215 1408 303 1444 Lobeck.
310 1409 335 1444 ad
341 1408 446 1454 Phrynich.
454 1421 472 1454 p.
480 1409 547 1456 iolsq.
559 1408 627 1455 Neque
635 1419 682 1445 vero
689 1411 762 1455 opinor,
771 1419 886 1455 quemquam

93 1455 220 1500 probaturum
230 1465 273 1489 esse
280 1453 364 1501 ἐκφαίνειν,
372 1458 509 1500 provocantem
518 1454 674 1500 afflesyehium,
683 1454 735 1500 apud
743 1465 799 1500 quem
807 1453 886 1501 ἐκφοὲναι

94 1499 201 1546 explicatur
211 1510 246 1543 per
257 1501 371 1546 ηιανεροῐσαι,
396 1498 472 1545 Quippe
482 1499 522 1544 jam
534 1499 557 1535 L.
567 1499 679 1535 Dindorfins
692 1501 711 1534 in
723 1499 783 1536 Thes.
795 1499 885 1546 Stephan.

94 1544 124 1580 ed.
132 1544 192 1579 Paris.
200 1544 244 1581 Vol.
253 1544 289 1589 Ill,
311 1573 314 1579 .
323 1543 357 1578 019
366 1545 501 1579 animadvertit
509 1545 632 1580 scribendum
642 1545 712 1579 videri:
727 1547 815 1592 ἐκφαῖνον,
826 1546 854 1580 ita
865 1547 886 1580 ut

93 1601 131 1625 vor
139 1590 165 1625 sit
174 1602 185 1624 a
193 1589 286 1635 scriptore
315 1589 367 1624 orico
376 1588 468 1625 adhibita.
484 1589 566 1626 Locutio
577 1593 673 1637 ἐκφαίνειν
682 1589 739 1638 λόγον
748 1590 824 1637 saepius
832 1602 886 1636 repe·

92 1635 146 1680 ritnr,
157 1635 190 1671 cfr.
198 1648 213 1671 e..
220 1647 239 1682 g.
245 1635 288 1671 Eur.
295 1635 374 1681 Hippoi.
383 1647 400 1670 ν.
407 1633 448 1680 881,
457 1634 529 1671 Herod.
538 1635 582 1682 VH,
589 1636 628 1682 160,
638 1635 710 1672 Thales
718 1636 885 1684 ap.Diog.Lae1t.

93 1681 109 1726 Ι,
118 1682 146 1719 43.
152 1702 175 1707 —
182 1681 206 1718 V.
216 1682 236 1717 lt
245 1681 356 1717 Dresselius
365 1681 450 1726 scripsit:
459 1682 483 1723 ὠς
491 1682 591 1728 αὐτηῖἔθος
597 1682 620 1728 ἦν
626 1681 675 1730 πρὸς
682 1681 727 1723 τοὺς
733 1681 884 1731 γνησι[ωτέροος]

93 1730 191 1774 λέγεσθαι,
205 1738 254 1774 quae
264 1727 323 1762 rerba
334 1726 363 1761 sic
375 1727 423 1762 fecit
434 1728 503 1763 latina:
518 1728 693 1774 „quemadmodum
706 1739 746 1763 mos
759 1727 776 1763 ei
789 1732 829 1764 erat
843 1740 886 1764 cum

93 1772 220 1808 familiaribus
230 1771 372 1820 colloquendi“.
389 1772 439 1813 Quin
447 1777 585 1820 ηινησιωτέρους
593 1773 678 1820 genuina
686 1773 712 1808 sit
719 1773 778 1819 hujus
788 1773 886 1819 scriptoris

94 1828 171 1861 manus,
187 1817 274 1853 dubitare
287 1828 326 1852 non
338 1817 384 1851 sinit
396 1818 458 1859 locus,
473 1818 506 1864 qui
518 1824 548 1853 est
558 1830 576 1864 p.
585 1820 625 1863 413,
638 1819 664 1853 17,
688 1818 782 1863 Exempla
795 1818 886 1854 vocabuli

94 1862 172 1911 γνήσιος
179 1874 191 1897 a
198 1862 339 1898 recentioribus
347 1860 428 1897 Graecis
437 1862 462 1898 ad
470 1868 594 1909 „cog-natum,
603 1862 728 1899 familiarem“
737 1862 887 1911 significandum

95 1907 178 1944 adhibiti
189 1908 289 1955 congessit
303 1905 326 1943 G.
335 1907 447 1944 Dindorfius
458 1908 479 1944 in
491 1908 585 1946 Thesaur.
598 1908 688 1956 Stephan.
697 1909 721 1945 ed
732 1908 793 1945 Paris.
800 1909 825 1947 V.
833 1908 859 1953 Il,
867 1921 886 1956 p.

95 1953 134 1989 671.
159 1952 197 1989 Sed
205 1965 240 1998 pro
249 1957 338 2006 λέγεσθαι,
346 1954 452 2005 repositum
460 1954 554 2002 oportuit:
567 1957 620 1992 διαλ
626 1960 731 2004 cyaneae,
741 1967 778 2002 quo
786 1957 846 1992 verbo
854 1955 887 1991 hic

96 2000 178 2045 scriptor
186 2001 245 2035 etiam
253 2011 273 2034 rn
282 2002 400 2044 antegressis
408 2012 455 2035 usus
464 2004 500 2036 est.

141 2045 163 2080 P.
172 2045 211 2088 397,
220 2046 231 2080 2
239 2045 331 2092 legimus:
341 2043 362 2080 τὸ
371 2044 392 2080 δὲ
399 2048 474 2087 πνεῦμα
480 2049 510 2082 καὶ
517 2045 564 2082 αὐτὸ
571 2050 593 2084 οὐ
599 2048 704 2096 τριτονενὲς
713 2047 740 2090 riv,
749 2047 794 2084 ἀλλὰ
802 2051 887 2096 τριμερές

96 2093 141 2125 cett.
164 2088 192 2125 At
202 2089 318 2125 vocabulum
329 2093 435 2134 τρντογενὲς
447 2097 557 2136 corruptum
569 2102 620 2137 esse,
629 2093 692 2135 ¹etiam
704 2091 823 2128 Uhlhornius
831 2093 886 2136 vidit,

97 2134 130 2170 cfr.
138 2135 151 2170 l.
161 2146 176 2170 c.
185 2147 203 2180 p.
212 2135 251 2179 190,
261 2136 326 2170 adnot.
335 2135 362 2171 58.
380 2135 469 2181 Coujecit
477 2136 499 2180 is,
509 2136 631 2171 scribendum
641 2147 692 2171 esse:
701 2141 813 2183 τετραηνενές.
831 2137 887 2179 Quod

95 2191 154 2227 quum
169 2181 194 2215 sit
209 2192 245 2226 „ex
256 2182 348 2227 quattuor
360 2181 461 2217 elementis
473 2183 547 2217 ortum“
562 2182 667 2217 secundum
679 2182 749 2219 Homil.
760 2182 804 2228 XX,
815 2183 832 2227 8,
845 2183 886 2227 (cfr.

96 2227 155 2262 etiam
165 2224 210 2270 XX,
219 2227 236 2271 5,
243 2239 262 2273 p.
270 2226 310 2272 400,
319 2226 379 2274 l2sq,
389 2226 435 2271 XX,
444 2226 460 2273 t,
471 2240 489 2274 p.
497 2227 537 2273 403,
547 2228 620 2276 lOsqq.)
633 2227 704 2264 bonam
716 2228 760 2265 oriri
771 2230 887 2265 sententiam

95 2272 199 2317 existiman
207 2271 245 2307 dici
253 2272 312 2307 enim:
320 2276 374 2321 σῶμα
380 2276 488 2320 τενραγενὲς
494 2285 542 2319 esse,
548 2277 623 2324 πνεῦμα
629 2286 673 2311 vero
680 2286 718 2310 non
725 2287 768 2312 esse
775 2280 886 2325 τετραγενές,

96 2317 167 2370 ilerum
176 2317 227 2352 enim
235 2328 280 2352 vero
287 2318 362 2354 verbis:
376 2319 398 2356 τὸ
411 2321 432 2357 aa
444 2321 519 2369 πνεῦμα
529 2323 560 2356 καὶ
571 2319 616 2357 αὐτὸ
630 2321 652 2357 οὗ
665 2323 772 2370 τενραγενὲς
780 2321 806 2363 ὅν,
821 2322 887 2367 potius

96 2361 228 2415 srgprficatum
237 2366 297 2406 esset,
309 2374 371 2410 neque
381 2368 436 2413 σῶμα
443 2376 486 2401 esse
499 2370 612 2413 τετραγενές,
636 2364 718 2402 Omnino
725 2379 764 2403 non
772 2366 840 2413 liquet,
850 2378 888 2413 qua

94 2413 169 2443 ratione
179 2418 220 2442 sive
229 2410 336 2452 τετρανενὲς
348 2409 388 2445 sive
402 2412 507 2457 νρινονενὲς
518 2410 628 2456 oppositum
637 2422 680 2446 esse
688 2413 751 2457 possit
760 2412 778 2448 ei
783 2438 788 2456 ,
797 2413 849 2457 quod
857 2415 887 2448 est

94 2457 185 2501 τριμερές.
197 2452 242 2488 Non
252 2451 325 2496 dubito,
335 2453 490 2502 quiulegendum
499 2455 534 2490 sit:
544 2458 687 2501 ταυτογενὲς,
697 2458 797 2504 „ejusdem
803 2457 886 2504 generis,

94 2509 117 2535 ex
126 2509 164 2534 uno
173 2498 279 2544 eodemque
288 2501 396 2536 constans“.
410 2522 430 2528 -
445 2502 468 2537 V.
476 2500 488 2536 5
498 2500 572 2537 nollem
579 2501 697 2539 Uhlhornius
705 2502 718 2538 l.
727 2514 744 2538 c.
755 2514 790 2550 pro
799 2501 886 2552 ηυραμά-

95 2559 133 2582 των
141 2544 176 2582 tirio
185 2543 309 2581 scribendum
320 2546 461 2591 proposuisset:
476 2562 496 2596 φ.
506 2548 568 2591 δυοῖν,
583 2548 630 2584 satis
643 2549 693 2584 enim
705 2548 733 2585 fre
747 2561 794 2585 uens
807 2552 837 2585 est
851 2548 886 2587 δύο

94 2590 239 2635 indeclinabile,
248 2590 301 2636 quod
309 2590 368 2626 etiarn
375 2593 440 2637 paullo
448 2597 504 2640 post,
512 2605 529 2628 ν.
539 2593 566 2636 14,
575 2593 677 2631 invenitur.
689 2616 711 2622 —
743 2624 746 2630 .
755 2595 766 2630 'l
774 2595 795 2630 in
803 2595 867 2631 verbis
875 2595 886 2641 ἡ

93 2637 131 2688 μὲν
142 2636 227 2685 οὐρανῶν
235 2638 353 2684 λεγομένων,
365 2636 375 2680 ἡ
389 2639 410 2674 ot
418 2640 456 2676 των
465 2642 497 2676 ἐπὶ
504 2642 539 2685 γῆς
547 2642 582 2676 νῦν
590 2639 728 2684 βασιλευόντων
735 2652 770 2687 pro
778 2644 887 2690 λεγομένων

95 2681 226 2716 scribendum:
235 2684 289 2726 λεγο
313 2685 356 2725 ένη,
369 2681 407 2717 cfr.
415 2696 433 2728 p.
442 2684 482 2727 389,
490 2685 512 2718 11
517 2694 551 2730 sq.⁷
559 2685 593 2720 ubi
602 2685 674 2721 mentio
682 2685 705 2720 fit
714 2688 746 2730 τῆς
755 2688 793 2723 τῶν
802 2686 887 2731 οὐρανῶν

94 2695 322 2771 βασιλείας-0111101111
328 2726 354 2761 ad
360 2728 499 2764 emendandum
506 2733 550 2764 sunt
555 2730 620 2774 verba,
630 2741 678 2776 quae
684 2730 775 2778 leguntur
782 2743 800 2766 υ.
808 2732 831 2766 10
836 2742 886 2778 sqq.:

96 2770 106 2808 ὁ
116 2772 137 2807 δὲ
145 2773 213 2820 ἕτερος,
222 2777 252 2810 καὶ
260 2772 317 2813 αὐτὸς
323 2771 409 2820 βασιλεὺς
417 2772 507 2827 ὑντὰρχων
516 2777 551 2811 τοῦ
559 2777 651 2823 ἐσομένου
660 2778 733 2820 αἰῶνος,
742 2780 814 2824 στέργει
823 2779 887 2814 πᾶσαν

94 2816 204 2876 νὶνθρώσων
211 2818 279 2866 φύσιν,
292 2821 312 2856 ἐν
323 2825 364 2860 τοῖς
372 2832 454 2868 παρουσι.
468 2818 502 2866 τὴν
510 2827 616 2869 παρρησίαν
624 2822 674 2868 ἔχειν
682 2821 705 2858 οὐ
713 2821 822 2871 δυνάμενος,
833 2821 885 2872 [ἀλλ’]

94 2877 120 2903 ως
127 2869 155 2904 τίς
163 2878 201 2900 ποτ
215 2867 256 2901 ἐστὶ
266 2864 368 2903 λανθάνειν
376 2864 495 2915 πειρώμενος
503 2866 525 2902 τὰ
536 2871 657 2915 συμφέροντα
666 2868 794 2919 συμβουλεύει.
817 2869 885 2904 Inesse
