1827 3065
80 147 101 173 IV
389 145 571 178 PROLEGOMENA.

80 249 125 281 runt
136 244 290 281 narratiunculas
296 249 308 289 1,
323 256 395 279 summo
404 244 419 279 ii
428 255 523 280 consensu
534 243 563 280 ita
571 244 633 279 citant
644 244 772 290 laudantque,
784 247 806 279 ut
813 244 872 281 facile

82 290 192 338 intelligas,
202 302 225 326 ex
232 303 270 327 uno
279 302 333 326 exem
347 290 383 326 lari
392 301 414 325 ex
423 290 527 336 eademque
536 290 621 325 editione
629 301 661 325 eos
668 289 746 337 deprom
761 290 815 325 sisse.
831 290 873 327 Nec

82 337 155 372 mirum.
179 337 229 373 Nam
239 335 321 372 Rufinus
332 303 384 372 iiaud
395 335 452 371 dubie
462 335 484 371 τὰ
492 339 594 383 ιιλιριίντια
601 335 667 381 vertit,
681 335 704 371 de
713 302 782 382 quidus
792 335 873 371 Photius

83 382 120 418 cod
134 383 172 418 112.
183 383 216 417 113
223 382 298 425 refert2,
308 393 328 417 se
337 381 434 416 invenisse
443 381 480 416 duo
489 380 595 417 Clementis
604 393 670 427 opera:
683 381 765 417 alterum
775 381 873 417 Constitu·
911 397 913 409 ι

82 428 146 464 tiones
154 428 211 475 App,
220 428 301 463 alterum
309 427 334 462 ad
341 427 433 462 Iacobum
444 426 522 462 fratrem
530 425 610 464 Domini
619 427 718 472 directum,
728 427 759 462 oui
767 428 831 463 inesse
840 429 874 464 τοῦ

83 473 193 510 ἀποστόλου
201 477 276 522 Πέτρου
289 473 365 521 πράξεις
376 478 407 508 καὶ
418 476 437 508 αἱ
449 472 498 520 πρὸς
505 473 581 520 Σιμδνα
589 473 623 510 τὸν
630 472 692 521 μάγον
701 475 798 515 διαλέξεις,
806 477 838 509 καὶ
846 476 874 510 ἔτι

83 518 93 555 ὁ
103 519 247 568 ἀναγνωρισμὸς
254 518 364 566 Κλήμεντος
371 522 401 554 καὶ
410 520 444 555 τοῦ
452 518 525 565 πατρὸς
532 523 562 554 καὶ
571 521 608 555 τῶν
616 518 677 554 ι’ίλλων
685 518 777 566 ἀδελφῶν.
794 518 846 554 Hirro
854 519 873 553 in

84 566 200 611 quibusdam
212 564 265 600 libris
274 565 352 599 titulum
359 562 469 613 Κλήμεντος
481 566 516 600 τοῦ
526 563 617 611 Ῥωμαίου
629 562 777 613 ἀναγνωριοαός.
801 562 825 598 In
833 563 873 610 qui-

82 609 165 646 busdam
173 612 200 652 (ἕν
208 611 254 654 τισι)
263 621 307 644 mss.
315 607 419 656 praefixam
427 609 488 644 fuisse
499 609 552 655 operi
564 610 666 656 epistolam
674 609 727 645 Petri
739 609 764 645 ad
776 608 873 653 Iacobum,

83 654 104 690 in
112 657 156 693 aliis
165 655 267 701 epistolam
276 654 381 690 Clementis
391 656 416 690 ad
424 655 514 694 eundem.
526 659 626 701 utramque
638 654 746 701 argumenti
758 654 830 690 diversi
839 657 875 697 (καὶ

83 699 129 747 αὕτη
139 704 169 743 δὲ,
179 701 213 748 οὐχ
224 700 233 745 ἡ
242 700 300 745 αὐτή).
312 699 342 734 Ex
349 699 415 736 Photii
423 701 484 747 igitur
491 700 555 735 verbis
565 701 634 746 claret,
644 700 717 745 duplici
722 700 778 735 modo
785 711 808 735 ea
814 698 874 736 fuisse

83 745 186 794 inscripta:
200 745 275 793 πράξεις
283 749 358 791 Πέτρου
367 746 452 792 saepius,
460 745 521 781 rarius
529 745 639 795 Κλήμεντος
647 748 681 782 τοῦ
691 746 782 793 Ῥωμαίου
791 745 874 792 ἀναγνω-

84 793 159 842 ριομός.
182 791 272 838 Epistola
279 791 332 828 Petri
342 791 386 827 aliis
395 791 535 837 exemplaribus
542 790 628 838 praefixa
636 790 682 835 fuit,
692 791 736 827 aliis
744 791 779 826 illa
788 789 874 826 Clemen-

83 837 119 883 tis,
132 840 201 874 neutra
213 837 262 873 aliis.
287 836 325 873 Sed
337 837 400 872 omnia
413 837 499 872 eiusdem
511 836 602 872 editionis
616 840 680 872 erant:
693 840 713 874 ἐν
727 839 773 873 πᾶσι
786 835 822 884 γὰρ
835 842 875 878 τοῖς

83 888 170 931 βιβλίοις,
184 882 289 933 δεῖδομεν,
301 888 361 919 καίτοι
375 883 409 919 οὐκ
421 882 489 930 ὀλίγον
502 881 570 925 ὄντων,
583 882 631 932 μετὰ
643 881 676 923 τὰς
688 882 793 934 διαφόρους
806 885 875 925 ὲκείνας

85 929 187 969 ἐπιστολὰς
194 933 224 964 καὶ
233 928 339 976 ἐπιγραφὰς
348 927 382 972 τὴν
390 927 448 973 αὐτὴν
456 927 536 976 εὕρομεν
548 927 692 977 ἀπαραλλάκτως
701 933 831 977 πραγματείαν
841 928 874 979 ἆρ-

36 976 38 978 ’
81 979 168 1026 χομένην
176 973 224 1022 „syri
232 973 321 1027 Κλήμης“
329 977 360 1009 καὶ
368 972 391 1009 τὰ
401 975 441 1019 ἑξῆς
449 972 580 1022 ἔνταττόμενα.

128 1020 145 1055 4.
157 1019 216 1055 Haud
223 1030 277 1066 parur
284 1018 375 1055 facienda
382 1017 448 1054 Photii
456 1018 526 1054 notitia
535 1022 573 1063 est,
584 1022 652 1066 utpote
665 1030 702 1065 qua
712 1018 875 1056 Clementinorum

83 1066 195 1102 literaturae
209 1066 318 1113 complexus
327 1065 435 1100 illustretur
445 1066 492 1110 iste,
501 1064 564 1111 qualis
572 1077 623 1100 nuno
635 1065 712 1112 integer
723 1065 825 1112 evulgatus
833 1078 875 1113 pro-

84 1115 128 1147 stat.
144 1111 195 1148 Nam
207 1123 250 1146 curn
263 1123 285 1147 eo
297 1111 388 1157 opinante
401 1114 420 1147 αἱ
431 1110 507 1158 πράξεις
515 1109 572 1148 Petro
585 1114 664 1147 auctore
675 1115 782 1158 temporum
795 1111 876 1147 decursu

83 1157 196 1205 periissent,
209 1156 270 1192 solum
279 1156 385 1192 Clementis
394 1168 441 1203 opus
449 1156 570 1203 perdurabat.
591 1157 657 1192 Editio
665 1168 720 1202 vero,
729 1168 785 1203 quam
793 1156 875 1192 Rufinus

83 1206 159 1250 praeter
165 1214 239 1238 versam
245 1203 269 1238 ab
276 1203 319 1249 ipso
326 1203 433 1249 cognovitss,
438 1214 462 1238 an
467 1201 537 1237 Photio
543 1203 594 1239 inter
601 1203 686 1239 eiusdem
692 1202 770 1238 turtinis
775 1203 875 1239 materiem

84 1248 199 1293 innotuerit,
211 1247 297 1283 incertus
309 1247 389 1292 haereo,
401 1259 437 1283 neo
462 1259 497 1283 uae
506 1247 532 1282 sit
540 1248 575 1284 illa
584 1247 711 1294 Origenis4,
724 1259 810 1295 quaeque
820 1246 875 1295 Ope-

83 1294 116 1329 ris
128 1293 277 1340 imperfecti⁵
288 1297 321 1329 aut
333 1293 443 1329 Chronioi
476 1293 592 1329 aschalis⁶
601 1294 713 1329 definierim.
737 1294 778 1330 Nec
787 1294 844 1329 aliter
852 1294 875 1329 de

84 1339 124 1375 illis
145 1340 207 1375 sentio
224 1337 387 1375 Clementinorum
405 1338 509 1385 excerptis,
547 1351 583 1375 uae
604 1339 725 1375 tradiderunt
742 1338 876 1385 Eusebius7,

85 1384 200 1431 Snopsis
219 1383 511 1427 Pseudo-Athanasiana8,
535 1388 540 1426 l
566 1385 727 1431 ieronymus)⁹,
750 1383 875 1420 Caesarius

107 1434 164 1475 au.¹⁰,
183 1430 200 1465 E
220 1429 353 1476 iphanius11,
375 1428 487 1466 Maximus
507 1428 669 1475 Confessorffl,
682 1430 825 1466 Anastasius
844 1430 875 1467 St-

84 1476 177 1521 naitaffi,
211 1486 297 1511 oannes
314 1474 445 1520 Damascfft,
466 1474 613 1521 Nicephorus
630 1476 755 1523 (Patriaroha)
773 1474 876 1520 constr,

85 1562 223 1570 ——.—-——-

132 1615 182 1647 1cfr.
191 1616 299 1647 Paulinus
307 1617 354 1647 Nol.
364 1625 389 1655 ep.
398 1616 419 1646 47
431 1617 453 1646 ad
461 1616 505 1654 Rus,
515 1615 639 1647 Gennadius
649 1617 669 1647 de
677 1618 721 1648 viris
732 1618 802 1655 illustr,
813 1617 877 1648 Decre-

84 1666 120 1694 tum
133 1663 201 1693 concilii
210 1662 258 1692 Rom.
270 1662 302 1693 sub
316 1661 404 1693 Gelasio
417 1662 438 1692 de
449 1661 499 1692 libris
511 1663 614 1701 recipiendis
626 1663 664 1693 sive
675 1673 709 1693 non
720 1663 824 1702 recipiendis
837 1673 850 1693 o.
861 1664 875 1702 6,

84 1709 181 1740 Isidorus
189 1708 247 1747 Hisp.
257 1708 304 1748 Orig.
313 1708 345 1746 III,
354 1709 382 1745 50,
394 1708 415 1738 de
427 1711 488 1738 natura
499 1718 530 1738 rer.
540 1718 554 1739 c.
564 1709 591 1747 17,
603 1709 719 1739 Adhelmus
731 1710 752 1739 de
763 1709 814 1738 laude
823 1709 876 1748 virgi-

85 1764 125 1785 uum
137 1764 151 1784 o.
164 1754 190 1792 12,
207 1754 265 1785 Beda
276 1755 358 1784 Hexadm.
372 1753 390 1783 in
406 1753 448 1785 Gen.
462 1756 477 1790 1,
487 1754 502 1783 6.
512 1754 546 1785 7.8
564 1754 582 1784 in
593 1754 632 1784 Act.
640 1754 656 1792 5,
666 1755 693 1794 34,
706 1755 727 1785 de
737 1754 802 1784 ratione
813 1756 876 1794 tempp.

85 1809 100 1830 c.
110 1801 126 1839 3,
137 1799 265 1839 Agobardns
276 1800 340 1839 Lugd.
352 1799 373 1829 de
385 1799 459 1830 Iudaicis
471 1802 542 1839 superat.
552 1810 565 1830 c.
575 1801 603 1839 16,
614 1800 747 1840 Freculphus
756 1799 877 1831 chronicorum

81 1844 117 1875 lib.
125 1846 143 1875 Il
154 1842 188 1886 (ap.
196 1845 258 1875 llelch.
269 1846 386 1875 Noverianum
398 1845 456 1875 Colon.
466 1845 523 1885 1530),
535 1846 662 1876 Hincmarus
676 1846 697 1877 de
712 1846 786 1877 divortio
798 1845 877 1876 Lotharii

86 1894 103 1924 et
110 1890 206 1930 Tetbergae
214 1900 228 1921 c.
238 1891 253 1928 9,
262 1891 390 1921 Anastasius
398 1891 454 1921 Bibl.
467 1900 493 1929 ep.
505 1892 527 1921 ad
538 1892 618 1922 Ioannem
630 1892 679 1922 Diae.
692 1890 726 1930 [vd.
738 1891 782 1931 opp.
794 1892 841 1922 rom.
850 1892 877 1922 1Π

85 1946 102 1976 p.
111 1937 144 1968 472
157 1936 183 1966 ed.
197 1936 294 1975 Sirmondi),
307 1936 487 1967 Pseudo-Abdias
499 1937 585 1968 Historiae
597 1937 716 1977 Apostolicac,
732 1938 780 1968 lib.I
793 1937 877 1968 derebus

86 1992 97 2012 a
108 1983 128 2015 B.
136 1983 188 2013 Petro
199 1982 252 2021 gestis
265 1981 301 2020 (vd.
310 1981 387 2012 Fabricii
399 1982 435 2012 cod.
448 1982 510 2020 Apocr.
518 1983 539 2012 N.
548 1984 567 2013 T.
576 1983 599 2021 ΙΙ,
611 1984 643 2013 402
653 1992 698 2021 sqq,
710 1983 807 2022 Hamhurgi
819 1983 876 2021 1719),

85 2027 213 2059 Humbertus
226 2028 277 2067 episc.
289 2028 359 2068 Sylviae
371 2026 458 2058 Candidae
470 2031 528 2058 contra
539 2028 618 2059 Nicetam
630 2027 664 2065 (vd.
677 2027 742 2059 Canisii
753 2029 804 2059 Lectt
817 2029 875 2068 Antiq.

86 2073 134 2104 rom.
141 2074 174 2111 III,
187 2075 196 2104 1
208 2083 225 2113 p.
235 2074 267 2103 317
280 2074 332 2104 Antv.
345 2072 404 2114 1725),
417 2074 526 2103 Honorius
538 2074 630 2113 Presbyter
640 2076 656 2104 et
669 2073 785 2105 Scholasticus
793 2075 877 2113 Augusto·

86 2119 166 2150 dunonsis
178 2117 213 2159 (cfr.
222 2119 243 2149 de
251 2118 461 2150 luminaribus'Ecelesiae
473 2129 487 2149 c.
496 2120 529 2157 15),
543 2120 660 2152 Ordericus
672 2120 758 2150 Vitalis
770 2121 815 2150 Hist.
827 2120 876 2151 Eecl.

87 2164 113 2195 01.
121 2166 165 2195 XIII
176 2165 214 2196 edd.
223 2165 266 2205 Aug.
280 2165 305 2198 Ol.
317 2165 395 2195 Prevost.
406 2166 453 2195 'I'om
463 2167 495 2204 Ip.
508 2166 540 2196 229
551 2169 582 2197 eto.
606 2164 666 2196 2Edd.
674 2166 695 2196 D.
705 2166 817 2197 Hoeschelius
830 2169 846 2197 et
854 2166 875 2196 A.

87 2210 167 2241 schottus
174 2211 278 2250 Rotlromagi
287 2211 331 2241 1653
343 2220 359 2249 p.
370 2211 407 2241 290.
431 2208 439 2229 ³
451 2211 467 2242 S.
479 2210 571 2242 Clementis
582 2212 630 2242 Rom.
642 2212 716 2251 Recogn.
729 2212 782 2251 praef.
796 2212 819 2242 ad
831 2211 877 2242 Gan-

87 2256 163 2286 dentium
174 2266 191 2295 p.
200 2257 209 2286 2
219 2256 245 2286 ed.
255 2256 345 2287 Gersdorf:
357 2256 401 2286 Puto
413 2258 459 2295 quod
469 2267 503 2287 non
514 2260 531 2287 te
542 2258 605 2295 lateat,
619 2257 712 2288 Clementis
721 2257 772 2287 huius
783 2257 801 2287 in
810 2256 875 2288 Graeco

86 2301 162 2332 eiusdem
170 2302 226 2340 operis
234 2296 352 2340 ἀναγνώσεσιν,
361 2302 393 2332 hoc
402 2305 427 2332 est
435 2303 584 2342 Recognitionum,
594 2304 635 2333 duas
644 2302 727 2333 editiones
740 2302 808 2341 haberi,
818 2306 835 2333 et
844 2303 876 2333 duo

87 2355 158 2386 corpora
171 2356 208 2378 esse
220 2346 311 2385 librorum,
326 2347 343 2376 in
356 2347 448 2385 aliquantis
460 2349 529 2387 quidem
540 2349 616 2386 diversa,
629 2348 647 2378 in
659 2349 718 2379 multis
730 2351 786 2378 tamen
795 2348 877 2388 eiusdem

86 2392 194 2423 narrationis.
218 2390 262 2423 ’1Αο
271 2392 314 2424 Gen.
322 2392 336 2431 1,
346 2393 368 2423 14
376 2392 402 2422 ed.
410 2393 530 2424 Lommatzsch
538 2394 585 2424 Tom.
593 2393 636 2424 VIII
643 2402 659 2432 p.
669 2395 696 2433 41,
706 2394 735 2424 cfr.
742 2394 826 2425 Philocal.
834 2404 847 2424 c.
855 2395 875 2424 22
909 2392 910 2399 ¹

87 2436 113 2467 ed'.
122 2438 242 2469 Lommatzsoh
250 2438 297 2469 Tom.
306 2438 356 2468 XXV
363 2448 380 2477 p.
389 2439 427 2477 202,
439 2440 462 2469 ad
469 2440 530 2469 Matth.
539 2440 566 2476 26,
577 2440 591 2470 6.
615 2437 659 2469 1Αο
668 2440 728 2472 Matth.
738 2441 765 2478 10,
774 2441 801 2470 41.
825 2437 876 2471 ⁶Gfr.

87 2483 173 2522 Uhlhorn,
182 2484 210 2514 die
217 2484 304 2515 Homilien
312 2484 347 2514 und
354 2484 488 2524 Recognitionen
497 2485 526 2515 des
535 2483 612 2516 Clemens
620 2485 714 2524 Romanus,
729 2485 822 2525 Gdttingen
831 2486 876 2517 1854

86 2537 103 2566 p.
113 2530 139 2559 64.
163 2528 218 2560 ⁷Hist
234 2529 282 2561 Eccl.
295 2530 327 2569 HI,
339 2530 355 2560 3.
379 2528 481 2570 ⁸Gfr.0pp.
490 2531 580 2562 Athanasii
594 2531 619 2562 ed.
630 2531 695 2569 Bened,
707 2531 779 2561 Parisiis
789 2532 838 2570 1698,
851 2531 875 2572 ΙΙ,

88 2574 126 2604 202.
150 2572 209 2606 1Αδν.
220 2575 290 2607 Jovian.
304 2586 318 2606 c.
331 2575 351 2606 15
365 2578 382 2606 et
394 2575 487 2607 Commeat.
501 2577 522 2607 ad
532 2576 570 2609 Gal.
579 2578 593 2615 I,
603 2578 629 2607 18.
654 2575 669 2595 11
678 2576 789 2616 Quaestionas
798 2577 850 2608 theol.
860 2580 876 2608 et

86 2619 149 2658 philos.
158 2620 184 2650 ed.
193 2620 220 2650 El.
229 2620 310 2661 Ehinger,
319 2621 407 2660 Augustae
414 2623 482 2653 Vindcl.
492 2623 536 2653 1626
567 2621 582 2643 11
591 2623 644 2653 Haer.
653 2622 712 2660 XXX,
722 2622 749 2652 15.
773 2619 787 2641 ¹²
796 2622 840 2662 Opp.
850 2623 876 2654 ed.

87 2664 147 2696 Franc.
158 2664 277 2705 Combefisius,
291 2667 341 2697 Paris
353 2668 403 2706 1675,
414 2668 461 2698 Tom.
470 2668 488 2698 H
499 2678 515 2706 p.
524 2669 558 2699 528
568 2677 604 2706 sqq.
629 2665 643 2686 11
652 2667 764 2706 Quaestiones
778 2670 794 2698 et
805 2677 874 2708 respon·

87 2709 144 2741 aiones
153 2711 179 2741 cd,
187 2711 201 2740 Ι.
212 2710 286 2750 Gretser,
299 2713 370 2752 Ingolst.
380 2714 430 2743 1617.
455 2711 470 2733 11
478 2712 512 2743 Gfr.
522 2712 602 2744 Cotelerii
614 2712 689 2752 Eclogae
703 2723 723 2744 ex
733 2714 757 2744 Io.
766 2713 846 2745 Damaso.
858 2715 876 2744 in

88 2758 177 2786 comment.
186 2756 208 2786 ad
217 2755 269 2787 Olem.
280 2758 330 2790 Hom.
342 2757 376 2795 (ed.
388 2758 428 2788 Lnt.
440 2759 479 2788 Par.
492 2754 550 2800 1672),
575 2756 589 2778 1⁵
597 2759 678 2789 Thesaur.
691 2762 742 2799 temp.
755 2760 780 2790 ed.
793 2759 875 2800 Scaliger,

86 2801 143 2841 Lugd.
151 2802 190 2832 But.
200 2803 244 2833 1606
252 2811 268 2842 p.
278 2803 319 2842 312,
334 2803 417 2842 Georgius
426 2803 515 2844 Syncellus
527 2806 543 2833 et
550 2804 656 2843 Nicephorus
665 2803 751 2836 Constant.
762 2805 787 2836 ed.
795 2805 875 2844 Dindorf,
906 2826 914 2842 .=

87 2847 157 2879 Bonnae
165 2848 208 2878 1829
216 2848 278 2878 Toml
286 2858 302 2887 p.
310 2849 352 2888 7883
364 2848 454 2881 Fabricius
462 2850 499 2880 cod.
507 2850 569 2888 Apocr.
577 2851 598 2880 N.
607 2850 626 2881 T.
635 2850 649 2889 I,
659 2851 697 2881 143.
