1824 3065
93 153 136 196 308
298 161 677 198 r.rrmsnrnnrnnuomrr.carra.

92 277 186 312 „vapores
196 266 262 301 tuales
272 263 317 298 anni
329 264 410 308 tempori
420 262 493 308 proprii
502 263 563 307 sunr‘,
572 262 592 297 in
599 271 628 307 ee,
637 262 689 309 quod
697 260 743 298 libri
749 260 849 307 praebent,
858 276 887 301 aa.

92 312 192 358 quiescere
208 310 272 346 iccbit.

139 356 160 392 P.
170 356 209 402 344,
219 357 229 391 7
238 354 351 400 recipienda
360 357 402 389 erat
408 352 525 400 Schwegleri
531 352 634 388 correctio:
643 352 683 389 τόν
692 353 771 389 όίκαιον.
784 350 822 387 Gfr.
832 353 888 393 etiam

93 415 110 439 ν,
119 404 141 439 17
157 407 176 438 et
190 415 208 448 p.
216 400 256 445 345,
265 400 280 434 5.
292 420 316 425 —
329 398 354 435 V.
362 400 384 435 13
396 412 424 446 sq.
438 411 473 446 pro
488 398 568 439 λοιποὺς
583 398 714 434 scribendum:
729 400 887 445 λειτουργοὺς,

93 448 201 494 Usurpatur
211 446 248 481 hoc
258 445 336 481 verbum
345 445 369 481 de
380 444 413 490 iis,
427 445 459 494 qui
467 456 537 481 numen
546 443 632 480 divinum
641 444 715 490 colunt,
724 445 777 490 apud
786 445 887 490 scriptores

94 498 135 530 tam
144 493 235 537 profanos
244 502 301 538 quarn
310 502 382 526 sacros.

138 539 159 574 P.
166 539 205 583 345,
214 538 224 573 3
234 536 356 572 scribendum
368 536 453 573 videtur:
470 537 545 574 ιἰτελεῑ
556 537 583 583 τῷ
595 535 644 581 πρὸς
655 535 713 572 αὐτόν
724 533 783 583 φόβῳ.
794 555 818 560 -
831 534 855 572 V.
867 538 887 573 12

93 584 134 619 vitii
144 582 199 619 sedes
209 583 286 618 minime
298 582 409 629 quaerenda
422 586 452 618 est
459 582 480 618 in
487 581 547 618 verbo
556 581 702 629 ἀποκρίνασθαι,
713 581 781 627 quode
790 579 825 615 cfr.
832 581 887 621 etiam

92 643 111 676 p.
120 629 178 671 aaa]
189 640 222 675 sq,
234 628 268 664 ubi
280 627 345 664 Simon
359 628 429 664 dicitur
440 628 588 675 ιἰιιοκηίνιισίλιιι,
603 627 637 663 sed
645 629 699 662 locus
711 627 739 662 sic
747 626 886 664 restituendus:

93 676 130 711 ἀλλ’
139 680 170 712 ἵνα
183 674 209 721 μὴ
217 695 241 700 -
249 676 328 712 derasum}
341 674 375 711 τὸν
386 673 458 722 χρόνον
469 679 495 715 εἷς
506 672 518 710 d
530 672 555 720 ιιιή
566 675 610 718 dei,
624 677 673 710 θέλω
686 672 735 722 πρὸς
749 672 772 709 τὰ
786 671 887 722 ὁρισθέντα

95 722 139 770 ἡμῖν
146 721 294 767 ἀποκρίνασθαι.
302 741 326 746 -—
335 720 356 756 V.
366 719 388 754 18
397 732 435 756 non
444 721 493 756 male
500 707 634 766 Scbweglerus
643 730 677 765 pro
684 718 762 763 θειότης
770 717 830 753 scribi
838 721 887 757 vult:

94 766 215 813 nectarco,
227 777 336 812 provocans
348 767 374 801 ad
385 766 459 811 locum,
471 765 504 812 qui
513 770 542 801 est
550 777 568 811 p.
576 766 616 811 337,
625 766 644 800 7:
656 764 666 809 ἡ
676 767 696 801 dt
708 763 791 801 ὂιττιισία
799 762 889 811 θεότητος

94 815 142 850 εἶναι.
157 812 283 862 ὁμολογεῖται.
307 809 334 847 At
346 809 389 848 fieri
402 815 469 858 potest
481 815 502 846 nt
515 812 579 856 potius
592 811 685 855 scriptum
700 811 767 846 fuerit:
781 815 836 847 θεία
850 825 889 852 τις.

96 858 155 902 Quin,
167 858 234 894 nescio
245 869 270 893 an
281 857 333 892 idern
344 857 407 901 priore
419 855 451 893 illo
464 858 507 892 loco
519 856 650 901 reponendum
662 855 696 901 sit,
709 867 768 902 quum
775 856 889 901 praesertim

94 905 253 949 antegrediantur
260 903 331 938 verba:
341 902 369 939 ότι
378 903 389 946 ἡ
398 901 482 949 troppau
491 901 627 951 ἀνθρωπεία
637 902 683 938 εἶναι
692 903 776 938 ιλόναται.

140 949 160 984 P.
169 949 210 992 346,
223 949 233 982 1
245 951 264 984 et
275 948 286 983 2
297 948 398 983 Dresselio
413 948 520 984 secundum
536 947 623 983 codicem
638 945 653 982 O
667 946 836 983 transmittendum
850 952 890 984 erat

94 995 175 1031 verbum
189 996 231 1042 ἔφη,
244 993 377 1039 recipiendum
392 1005 446 1029 vero:
461 993 565 1043 ἀπεκρίνω,
581 993 616 1028 sed
629 992 786 1041 interrogationis
799 992 854 1040 signo
869 994 889 1029 in

94 1044 186 1086 punctum
197 1043 276 1075 mutato.
288 1060 311 1066 ——
323 1038 450 1086 Sequentium
461 1039 573 1075 lacunarum
586 1038 633 1085 quin
642 1050 674 1083 ea,
687 1051 737 1086 qnae
746 1038 798 1084 prior
807 1042 842 1085 est,
850 1051 889 1075 non

94 1097 173 1132 prorsus
184 1089 238 1121 recte
253 1085 331 1130 expleta
345 1087 396 1121 sita
409 1084 518 1128 Dresselio,
531 1083 610 1119 dubium
622 1095 660 1120 non
676 1088 711 1121 est.
735 1084 835 1120 Servanda
849 1088 890 1121 erat

94 1132 164 1168 vocula
173 1130 204 1168 διὰ
216 1143 228 1167 a
239 1131 308 1167 codice
318 1129 439 1177 Cpraebita,
453 1131 493 1166 sive
504 1129 654 1176 praepositionis
665 1131 708 1166 vice
717 1129 840 1177 fungebatur,
850 1130 889 1166 sive

94 1189 138 1224 pars
151 1181 192 1213 erat
204 1176 259 1213 verbi
271 1176 353 1224 alicujus
367 1176 474 1229 compositi.
497 1177 602 1212 Praeterea
612 1176 673 1212 verba
684 1180 751 1214 πλεῖον
766 1181 828 1219 νοεῖν,
842 1188 890 1223 quae

96 1226 172 1259 exstant
184 1223 205 1258 in
216 1222 283 1258 codiee
293 1221 317 1268 C,
330 1222 346 1257 si
360 1234 445 1270 genuina
455 1225 508 1267 sunt,
522 1225 544 1257 nt
551 1233 586 1268 par
595 1225 625 1257 est
633 1222 720 1266 credere,
733 1222 753 1258 iu
761 1219 800 1257 fine
809 1221 889 1258 lacunae

96 1273 150 1305 erant
161 1268 258 1314 ponenda.
280 1267 386 1305 Probabile
399 1272 429 1305 est
441 1269 500 1312 eninr,
512 1271 557 1304 ante
568 1268 617 1304 haec
630 1267 689 1305 rerba
702 1268 816 1305 collocatam
829 1267 889 1303 fuisse

96 1315 186 1360 copulam
193 1318 229 1356 καὶ,
237 1325 282 1349 narn
290 1316 361 1362 μᾶλλον
370 1317 436 1351 πλεῖον
443 1313 489 1349 ferri
497 1312 550 1349 1111110
559 1317 618 1359 pacto
625 1318 702 1360 potest3
715 1314 766 1349 unde
773 1324 838 1348 rursus
846 1325 889 1349 con-

95 1360 189 1406 sequitur,
202 1358 326 1395 intercidisse
338 1364 383 1396 ante
394 1359 444 1396 haee
454 1358 550 1395 vocabula
562 1358 642 1394 verbum
651 1359 713 1395 sinon
723 1359 795 1402 eadem,
805 1363 826 1394 at
834 1359 890 1394 simili

95 1405 175 1441 notione
183 1406 300 1441 instructum
308 1409 366 1452 atque
374 1411 431 1443 νοεῖν.
439 1427 462 1431 -
469 1405 493 1442 V.
500 1406 511 1440 3
520 1405 615 1441 (1101110110
623 1405 711 1441 homines
719 1405 770 1441 docti
777 1404 891 1448 particulam

94 1451 130 1499 γὰρ
140 1461 260 1499 concoquere
268 1453 372 1498 potuerint,
381 1450 461 1487 difficile
470 1455 500 1486 est
508 1460 528 1486 ac
542 1451 694 1497 intelligendum.
706 1472 730 1477 —
740 1451 762 1487 V.
773 1450 783 1485 7
791 1450 890 1486 Drcsselio

94 1497 207 1542 recipienda
216 1501 257 1532 crat
264 1497 336 1532 codicis
346 1496 361 1532 O
376 1497 478 1543 scriptura:
491 1496 627 1545 ἀποκρίνομαι,
640 1509 698 1544 quum
708 1497 820 1543 praesertim
835 1496 891 1531 eliam

95 1542 161 1588 paullo
174 1542 234 1586 infra,
248 1554 266 1589 p.
275 1542 315 1586 347,
328 1543 359 1587 12,
371 1543 482 1589 reperiatur.
495 1542 534 1578 en.
543 1546 644 1588 praeterea
652 1555 670 1589 p.
679 1543 718 1588 357,
726 1543 737 1578 2
746 1555 773 1590 sq.
782 1546 801 1578 et
810 1543 837 1577 10.
853 1540 891 1578 Sed

95 1588 139 1623 vide
154 1599 180 1623 an
190 1588 255 1634 potins
267 1589 398 1634 reponendum
410 1587 445 1623 sit:
460 1589 645 1637 ἀποκρινοῦμαι,
664 1599 713 1634 qnae
727 1587 788 1624 futuri
800 1587 867 1634 forma,
879 1599 890 1623 a

86 1631 157 1669 -Suida
166 1634 305 1678 commendata,
313 1634 407 1680 reperitur
414 1633 465 1669 infra
473 1646 491 1680 p.
499 1634 539 1678 363,
548 1633 565 1677 3,
575 1639 633 1679 atque
641 1646 659 1680 p.
667 1635 707 1676 375,
716 1634 744 1668 13.
776 1644 778 1647 ·

140 1679 162 1714 P.
171 1679 211 1723 347,
221 1679 242 1714 16
251 1690 290 1714 non
296 1678 364 1727 liquet,
374 1678 521 1714 curDresselius
528 1679 603 1714 intacta
610 1679 710 1726 reliquerit
717 1679 785 1715 rerba:
795 1682 821 1720 εἰς
827 1680 889 1728 ἐτίμας

95 1724 141 1761 κατὰ
155 1724 217 1762 πάντα
227 1726 284 1769 καλῆς
295 1724 344 1773 πρὸς
356 1730 464 1774 συμβίωσιν
471 1724 557 1771 νόμιμον
565 1724 599 1761 τόν
607 1726 675 1761 ἑαυτοῦ
684 1725 706 1762 οὗ
716 1729 831 1774 μετατίθησι
839 1727 891 1762 νοῦν.

96 1769 141 1806 Sine
148 1781 201 1805 mora
208 1770 362 1816 obtemperatum
370 1770 454 1816 oportuit
461 1770 522 1806 codici
531 1769 552 1816 Ο,
561 1771 582 1805 in
591 1781 628 1816 quo
636 1782 675 1806 non
681 1771 775 1817 reperitur
781 1770 891 1816 importuna

95 1815 215 1862 praepositio
224 1816 278 1862 πρὸς.
290 1816 355 1863 Vulgo
365 1827 411 1852 sane
420 1815 491 1851 dicitur
500 1827 579 1863 graece:
592 1817 603 1861 ἡ
615 1815 663 1863 μετά
674 1830 726 1858 τινος
735 1821 843 1866 συμβίωσις.
865 1814 892 1850 At

96 1862 152 1896 licuit
160 1861 218 1896 etiam
228 1862 301 1898 dicere:
310 1861 320 1907 ἣ
329 1875 380 1903 τινος
387 1866 496 1910 συμβίωσις,
505 1873 566 1909 aeque
575 1865 633 1910 atqrrc
642 1861 655 1907 η’
663 1876 715 1903 τινος
722 1867 812 1905 συνοικία,
821 1861 891 1908 ἥτινος

101 1911 198 1944 συνουσία.

142 1952 164 1988 Ρ,
175 1951 215 1997 348,
227 1952 249 1986 16
264 1952 356 1997 scriptum
371 1956 401 1988 est
412 1952 518 1988 secundum
533 1954 662 1999 conjecturam
677 1953 804 2000 Scbuegleri:
821 1951 842 1989 τό
855 1952 890 2000 yde

96 1997 194 2044 ἀτρέπτως
202 2001 275 2044 πατέρα
283 1999 331 2034 ἰόεῐν
340 2000 383 2034 υἱοῦ
406 1997 451 2034 o'ron
460 2001 517 2035 ἐστίν.
529 2000 541 2034 d
546 2003 625 2034 ικαίιον
635 2001 655 2035 di
668 2000 701 2046 οὐχ
710 2000 789 2047 ὁμοίως
798 1997 859 2045 clyto
869 1999 893 2043 τῆ

97 2041 197 2079 ἀναστάσει
207 2044 245 2078 τῶν
253 2045 323 2092 νεκρῶν
336 2064 360 2068 -
374 2047 381 2077 l
395 2048 422 2079 εῖν
436 2043 557 2088 δυνήσονται.
580 2044 636 2080 Libri
650 2044 776 2091 manuscripti
789 2037 892 2091 praebent':

96 2089 172 2124 όίκαιοι.
192 2087 245 2123 illud
253 2099 290 2123 non
300 2091 330 2123 est
338 2092 411 2134 aptum,
419 2091 441 2123 nt
449 2099 472 2123 er
481 2100 504 2124 co
512 2089 634 2135 intelligitur,
644 2090 696 2136 quod
704 2101 786 2136 sequens
796 2088 893 2125 sententia

96 2144 131 2178 per
142 2133 257 2179 particulam
268 2133 303 2182 γὰρ
316 2145 391 2169 annexa
404 2137 439 2168 est.
457 2133 525 2169 Potius
537 2134 572 2180 οὐχ
586 2138 695 2181 corruptum
709 2136 786 2171 videtur
797 2145 820 2170 ex
833 2134 890 2170 verbo

97 2178 170 2225 aliquo,
180 2179 238 2221 quale
247 2183 286 2214 est:
299 2178 388 2224 όψονται.

143 2223 165 2258 P.
173 2224 213 2267 350,
222 2223 234 2258 8
242 2235 291 2270 quae
304 2228 348 2260 sunt
357 2224 415 2260 verba
427 2235 489 2269 nuper
500 2225 591 2273 tractavit
598 2224 718 2262 Ulrlhornius
727 2226 739 2261 l.
749 2237 764 2261 c.
772 2238 790 2272 p.
799 2226 839 2272 160,
848 2225 891 2263 adn.

98 2270 125 2304 13.
137 2268 157 2303 Is
166 2280 205 2303 non
214 2269 300 2314 sequitur
307 2270 437 2314 Dmsselium,
447 2270 480 2316 qui
489 2269 621 2307 Schliemanni
629 2271 737 2307 inventum:
751 2274 838 2319 καρδίαν,
846 2274 892 2318 post

97 2314 214 2351 vocabulum
224 2318 355 2361 στερματικῶς
362 2316 450 2358 inseruit,
460 2316 529 2351 ductus
537 2317 616 2363 lacuna,
630 2328 680 2363 quae
692 2317 730 2353 boc
742 2317 785 2353 loco
797 2318 892 2365 reperitur

97 2361 117 2396 in
127 2358 196 2395 codice
205 2357 227 2395 Ο,
250 2359 341 2397 Attamen
353 2361 395 2407 ipse
406 2361 525 2398 Uhlhornius
537 2362 618 2399 lacunae
630 2362 659 2398 1111
671 2363 754 2399 dandum
767 2375 810 2400 esse
819 2363 893 2411 aliquid

99 2404 203 2452 significat.
217 2404 274 2447 Quod
282 2405 298 2440 si
306 2417 371 2442 rernm
379 2411 413 2452 est,
423 2420 471 2455 σττιρ
488 2411 556 2450 ιιτικῶς
562 2409 710 2445 construendum
717 2408 753 2445 erit
760 2421 803 2445 cum
811 2416 893 2456 τεθ-είση,

97 2463 137 2504 non
143 2463 186 2504 cum
193 2452 261 2496 ἔνεστι,
271 2454 290 2486 et
297 2451 421 2489 vehementer
428 2453 515 2491 dubitare
522 2454 575 2500 licet,
583 2466 627 2490 nurn
635 2457 702 2503 καρδίη
710 2458 794 2502 genuina
801 2455 827 2491 sit
835 2449 892 2503 hujus

98 2501 197 2543 scriptoris
209 2507 282 2533 manus.

112 2587 119 2592 ⁸
143 2543 165 2578 P.
173 2542 213 2587 351,
222 2543 233 2577 3
243 2553 270 2588 sq.
280 2553 328 2589 quae
336 2542 427 2590 leguntur
435 2545 494 2581 verba
501 2545 567 2581 nescio
577 2558 601 2581 an
609 2547 637 2581 ita
646 2547 684 2581 sint
694 2546 816 2593 accipienda:
825 2550 849 2584 El
857 2547 893 2594 μὲν

98 2592 170 2625 οὖνκαὶ
182 2591 213 2624 σοὶ
225 2587 235 2623 ὁ
246 2587 318 2634 Ἰησοῦς
329 2587 383 2637 ἡμῶν
394 2590 417 2626 di‘
431 2590 525 2641 ὁράματος
536 2591 605 2640 ὀφθεὶς
614 2591 709 2639 ἷγνώσθη,
722 2596 855 2641 καθωμίλησεν
862 2590 894 2628 νθ1

99 2635 193 2682 ὡμίλησεν
202 2634 263 2686 dibri:
271 2632 409 2686 καὶῴμίλησθν)
418 2636 443 2677 ὡς
450 2637 573 2685 ἀντικειμένῳ
583 2638 710 2686 ὀργιζόμενος,
720 2637 750 2674 dib
760 2639 783 2675 δι’
794 2637 894 2686 ὁραμάτων

99 2683 143 2731 cett.
156 2679 221 2716 Verbo
230 2681 314 2726 srmplrcr
319 2679 413 2727 ὡμίλησεν
418 2692 464 2716 usus
472 2687 502 2718 est
509 2683 541 2719 hic
548 2683 631 2729 scriptor
639 2685 696 2719 etiam
704 2697 722 2719 11,
731 2684 747 2729 7,
756 2687 776 2719 et
781 2696 827 2720 sane
834 2683 893 2719 facile

98 2723 220 2771 fierrpctuit‚
233 2729 256 2760 ur
263 2729 294 2762 καὶ
304 2725 418 2778 adderetur,
426 2731 532 2808 postquam
544 2729 638 2776 ὡμίλησεν
650 2741 750 2776 perperam
762 2733 894 2766 constructum

99 2772 129 2822 est
144 2782 186 2805 cum
199 2775 318 2819 antegressis
333 2772 402 2807 verbis.
445 2772 464 2807 el
478 2775 505 2809 sie
519 2779 584 2810 tamen
597 2774 718 2820 probabilius
735 2776 789 2811 dicas
802 2776 894 2822 scriptum

99 2815 170 2850 fuisse:
182 2821 325 2864 καθωμίλησεν,
339 2829 397 2865 quam
405 2816 491 2854 additam
503 2831 546 2856 esse
555 2821 644 2866 copulam
652 2825 687 2857 καὶ.
700 2820 739 2857 cfr.
748 2820 807 2858 etiam
816 2821 859 2858 adn.
869 2818 894 2856 ad

99 2872 117 2907 p.
126 2860 165 2904 341,
174 2861 189 2897 9,
204 2882 227 2888 —-
240 2861 263 2899 V.
276 2864 287 2899 5
295 2867 363 2909 aperte
374 2863 471 2900 nnbatum
483 2864 558 2911 aliquid
566 2868 596 2901 cst
604 2866 625 2900 in
633 2865 696 2902 verbis
710 2871 727 2904 εί
734 2882 762 2909 τις
770 2869 791 2905 dt
799 2867 823 2904 dr'
834 2868 894 2904 όιττα-
