1827 3065
65 168 108 211 284
270 175 436 215 cucusenam
443 179 570 213 annorum.
579 179 650 213 carru

67 281 97 318 dt
111 281 154 319 οὕτε
165 287 223 330 νέφη
235 282 279 322 τοὺς
290 281 306 317 ὑ,
315 279 355 316 cfr.
363 292 381 326 p.
390 279 429 324 228,
442 281 461 314 l:
474 278 538 324 ὥσπερ
547 278 569 315 τά
577 283 625 327 νέφη
639 279 703 320 ὑετοὺς
712 283 771 327 φέρει.
796 279 857 317 Voca.

66 327 134 363 bulum
143 332 211 376 νεφέλη
223 327 307 373 propius
317 326 394 372 opinor,
405 325 482 361 accedit
490 325 515 360 ad
523 326 621 360 literarum
631 329 714 370 tractus,
727 326 759 372 qui
772 325 791 359 in
805 325 857 362 libris

67 385 124 410 mser.
133 374 285 419 reperiuntur·.—
292 371 316 407 V.
322 373 350 416 lo,
359 372 393 407 ubi
402 383 448 407 sana
456 382 494 406 nou
503 374 548 406 sunt
556 372 623 407 verba:
633 370 643 406 ὁ
652 370 685 417 ιἰηρ
694 372 752 421 ιλαμῴ
760 370 858 408 ὑπεκκιιιό-

67 434 125 469 μενος
134 419 181 468 πρὸς
188 417 272 466 λοιμώδη
282 420 350 465 πρᾶξιν
357 417 498 467 μεταβάλλεται,
513 429 547 462 pro
558 419 625 463 πρᾶξιν
634 428 691 462 posse
703 422 725 452 ut
736 416 857 460 scribendum

68 465 101 501 sit:
110 467 180 512 κρᾶσιν,
190 463 247 499 etiam
256 463 302 498 mihi
310 463 331 498 in
339 468 423 499 mentem
432 463 494 508 venit,
503 463 537 498 sed
546 462 666 508 probabilius
676 462 750 498 forsan:
760 461 837 511 τάραξι
844 477 858 500 ν.

66 510 176 546 Memineris
184 509 251 553 velim,
263 508 348 544 medicos
357 508 433 557 τάραξιν
443 509 514 544 dixisse
528 507 627 544 oculorum
639 508 857 545 inflammationem¹

111 556 132 591 P.
141 554 181 598 237,
189 554 200 590 5
208 554 320 601 recipienda
328 559 370 590 erat
379 555 451 590 codicis
461 554 477 590 Ο
487 555 590 599 scriptura:
600 553 702 602 ἕπᾴσομεν.
709 574 730 578 -
739 554 762 590 V.
771 553 782 588 8
790 557 857 598 procul

67 601 124 636 dubio
133 603 179 646 post
188 601 229 646 Θεῷ
237 600 338 637 addendus
347 604 378 636 est
386 601 479 636 articulus
488 599 505 645 ἡ,
517 620 539 625 -
551 598 575 635 V.
589 601 610 636 17
622 599 741 646 scripserim:
756 604 794 642 ναί,
804 605 857 647 φημί,

67 646 151 694 άχρηστα
159 649 205 681 cett.

111 692 132 726 P.
141 691 180 736 238,
190 692 201 727 3
209 703 250 739 sqq.
260 692 363 739 legendum
372 691 431 727 duco:
444 692 501 741 ταύτῃ
511 690 558 740 αὐτῇ
566 692 589 741 τῇ
596 692 632 740 μιᾷ
640 695 670 727 καὶ
681 691 787 738 ιἰσιιχκρίτφ
800 689 859 742 άμαρ-
913 715 914 723 .

67 743 97 795 τίρ
107 740 168 784 ψυχῆς
176 736 257 786 ὄλεθρον
265 738 380 786 ὀφείλοντες,
396 739 423 784 τῷ
435 737 502 783 ἀληθεῖ
509 737 540 773 ἐὰν
548 736 574 784 μὴ
584 740 702 785 έαιμείνητεῑ
716 737 742 773 οὐ
750 735 795 784 γάρ,
808 740 860 778 εἴτις

67 788 107 824 υἷος
115 804 136 809 —
145 788 215 829 γίνεται
220 797 226 824 ,·

112 829 134 864 P.
142 829 182 873 239,
190 830 201 863 2
210 829 277 871 eredas
286 828 333 872 fere,
342 828 465 864 scribendum
475 839 526 863 esse:
539 827 561 864 τά
569 826 620 874 άλση.
629 849 651 854 -
659 827 683 864 V.
691 828 702 863 6
711 840 756 863 scu:
769 829 830 875 ποιᾷ.
838 850 859 854 -

66 874 109 910 Ἠ
119 875 186 910 dubito
199 885 244 908 num
256 880 351 923 ποταμοῖς
363 875 467 920 genuinum
479 873 509 909 sit.
534 873 602 919 Neque
615 875 665 909 enim
675 872 785 919 significare
794 878 859 919 potest

67 922 87 957 ἐν
96 925 198 967 ποταμοῖςε
207 920 274 964 „juxta
281 919 369 955 fluvios‘t.
394 918 483 964 Conjicio
494 918 617 954 scribendum
626 931 678 954 esse:
690 921 710 956 έν
722 922 858 968 ποταμίαις,

67 965 191 1012 „regionibus
198 965 223 1000 ad
230 964 301 1000 fiumen
307 965 366 1000 sitis“.
373 964 440 1000 -Ve
447 964 514 999 verba:
522 963 604 1001 ἀπόνοια
611 963 713 1013 ιλαιμόνῶν,
722 964 788 999 vitium
796 964 860 999 viden-

66 1016 99 1046 tur
108 1010 231 1047 contraxisse.
257 1009 383 1046 Scribendum
393 1009 461 1056 opinor
472 1013 514 1045 aut:
530 1009 706 1058 άαιμονιόντῶν,
722 1014 764 1045 aut:
776 1011 860 1059 dorpa-

67 1061 144 1094 νικῶν.
156 1077 179 1081 -
192 1055 216 1092 V.
228 1057 239 1092 9
251 1056 324 1093 locutio
337 1057 406 1102 τριχῶν
417 1055 474 1104 κόμαι,
485 1056 534 1091 mira
546 1060 575 1091 est
587 1060 607 1091 et
618 1056 686 1102 procul
698 1055 756 1092 dubio
766 1061 860 1102 corrupta.

67 1102 105 1138 Vix
114 1103 247 1147 dubitandum,
256 1103 303 1148 quin
312 1102 336 1137 de
342 1102 450 1148 jactatione
457 1112 523 1137 comae
531 1101 627 1148 fanaticis,
636 1105 657 1138 nt
665 1106 732 1138 notum
740 1105 775 1147 est,
784 1102 861 1147 propria

68 1160 129 1184 sermo
138 1148 202 1183 fuerit.
225 1147 248 1184 In
257 1147 358 1194 Recognit.
367 1146 391 1193 V,
399 1147 421 1182 31
431 1151 468 1183 est:
480 1148 581 1191 „mulieres
593 1148 665 1192 sparsis
677 1147 765 1187 crinibus
775 1146 861 1183 furibun-

69 1195 106 1229 dae
112 1195 228 1240 jactantur&
251 1193 392 1240 Reponendum
405 1192 472 1239 igitur:
488 1194 557 1239 τριχῶν
569 1193 657 1231 κλόνοι.
673 1192 731 1239 Apud
743 1192 861 1238 Hcsychium

68 1239 136 1281 κλόνος
150 1240 201 1274 idem
219 1249 262 1275 esse
276 1238 358 1274 traditur
376 1239 427 1284 quod
442 1238 524 1286 σεισμός.
537 1237 576 1273 cfr.
590 1238 665 1275 Theod.
679 1239 737 1275 Prod.
752 1251 770 1285 p.
785 1238 819 1273 313
832 1240 861 1274 ed.

68 1285 157 1321 Jacobs:
172 1284 183 1319 8
196 1284 263 1325 κλόνος
274 1286 306 1329 τῆς
314 1282 410 1328 θαλάσσης
420 1287 564 1332 κιιτεστορέσθη.
574 1304 594 1310 -
607 1284 631 1320 V.
640 1284 661 1318 11
671 1284 719 1320 haec
728 1286 800 1330 scripta
808 1295 861 1329 repe·
887 1289 888 1292 ’

68 1330 138 1365 rimus:
151 1330 204 1370 ὅπως
212 1330 244 1371 τάς
253 1329 306 1378 ὑμῶν
314 1329 323 1364 ὅ
342 1332 438 1376 αλομένας
446 1328 500 1375 εὐχάς
507 1333 538 1365 καὶ
546 1329 664 1377 εὐχαριστίας
674 1334 705 1366 καὶ
716 1332 786 1379 νεκρῶν
797 1343 861 1378 reapo-

70 1380 132 1423 τέροις
147 1379 291 1422 προσινεήικητε.
314 1374 436 1411 locabulum
455 1374 465 1411 ά
482 1376 508 1412 ῶν
529 1376 610 1411 debetur
629 1374 761 1422 Selrueglero3
780 1379 862 1421 uterque

69 1422 139 1457 codex:
148 1423 215 1458 αὐτῶν.
240 1420 288 1462 Quis
296 1432 335 1456 non
342 1420 416 1464 videat,
429 1390 550 1456 seriiiendum
558 1431 615 1457 esse:
628 1423 657 1467 τῷ
667 1423 722 1467 Θεῷ,
734 1422 765 1457 vel
773 1420 862 1467 probabi-

68 1466 115 1501 lius:
131 1466 191 1512 Θεῶῗ
204 1487 228 1491 -
240 1466 264 1502 V.
273 1464 296 1500 14
308 1477 332 1501 an
346 1477 393 1501 sana
408 1466 475 1502 dictio:
490 1465 525 1511 τὴν
537 1465 577 1501 ιλκιι
596 1480 641 1503 πον
657 1467 774 1515 ἒπιίλαμίανῖὶ
797 1466 863 1501 Possit

69 1512 140 1559 aliquis
155 1512 242 1558 τλκαρπον
256 1511 380 1556 λαειλνολλο,
391 1510 424 1555 iis,
439 1522 489 1557 quae
502 1523 543 1557 cap.
551 1511 581 1546 XI
607 1512 685 1547 ineunte
698 1512 750 1547 dicta
759 1515 812 1556 sunt3
829 1511 863 1547 sed

68 1568 136 1593 vereor
144 1562 166 1592 ut
174 1561 236 1599 recte,
246 1568 303 1603 quum
311 1557 424 1602 praesertim
436 1557 523 1601 proxime
536 1557 696 1605 antegrediantur
706 1559 774 1593 verba:
789 1561 819 1594 καὶ
832 1556 863 1593 dul

70 1607 89 1639 τί
99 1608 223 1650 χαίροντες
237 1604 294 1639 ταῦτα
306 1607 388 1644 norem:
402 1601 504 1638 Facillime
518 1603 599 1640 mutatio
612 1607 650 1638 est:
661 1602 765 1653 άκρατον.
777 1601 864 1649 Ἄκρατος

69 1653 133 1683 autem
162 1659 186 1683 uo
198 1649 243 1693 jure
256 1651 337 1683 vocetur
351 1648 451 1695 ἐπιθυμία,
468 1647 540 1683 affatim
554 1648 619 1684 elucet
633 1659 656 1683 cx
667 1648 700 1693 iis,
714 1660 764 1695 quae
773 1649 793 1683 iu
802 1649 864 1683 altera

72 1693 141 1740 eapitis
150 1713 159 1727 r
171 1692 198 1729 lV
206 1697 262 1738 parte
271 1693 347 1739 prolata
355 1696 405 1727 sunt.

115 1739 136 1773 P.
144 1738 184 1782 240,
193 1738 204 1773 3
212 1738 278 1775 nescio
288 1750 312 1774 an
320 1738 450 1784 praeferenda
458 1738 484 1773 sit
490 1739 563 1774 codicis
573 1737 588 1773 0
597 1740 702 1785 scriptura:
712 1742 864 1788 πιιριηιχέλλεται.

69 1806 92 1810 -
99 1785 122 1820 V.
133 1785 154 1819 10
160 1785 201 1830 J'am
209 1795 275 1830 perse
284 1784 382 1819 sublestae
390 1782 436 1819 fidei
445 1787 475 1819 est
481 1783 544 1819 forma
553 1791 606 1832 κορεῖ
612 1797 647 1830 pro
658 1789 758 1830 κορέννιισι
766 1788 864 1830 usurpata.

69 1830 152 1865 Frustra
161 1830 211 1865 enim
220 1830 355 1876 provocaverit
363 1828 433 1876 aliquis
442 1830 466 1864 ad
472 1829 598 1876 Hesychium,
605 1830 654 1866 haec
660 1831 782 1867 afferentem:
791 1833 863 1877 Κορέει,

70 1879 149 1922 πληροῖ,
161 1874 260 1923 χορτάσει,
276 1875 348 1922 quippe
360 1886 410 1922 quae
422 1875 482 1911 verba
494 1879 561 1921 aperte
573 1881 662 1922 spectent
674 1877 698 1912 ad
707 1881 774 1913 notum
783 1877 832 1912 illud
842 1888 864 1911 er

71 1921 158 1957 Homero
167 1922 254 1957 futurum
262 1920 351 1956 ionicum.
375 1919 459 1966 Accedit
468 1920 556 1968 quodvis
565 1922 619 1957 verbi
631 1923 656 1957 ad
666 1923 717 1959 hunc
726 1923 789 1958 locum
797 1934 864 1968 parum

70 1971 117 2013 apta
125 1966 207 2002 videtur.
219 1968 250 2001 An
259 1967 352 2012 scriptum
360 1966 407 2002 fuit:
415 1965 535 2015 κορύσσει,
544 1967 653 2013 ,‚excitat“?

115 2012 137 2049 P.
145 2012 185 2056 241,
195 2012 206 2047 9
215 2015 335 2049 λειποταατεῖ
342 2013 383 2057 J'am
390 2012 444 2055 idco,
457 2013 509 2060 quod
518 2025 530 2048 a
544 2012 610 2049 codiee
619 2012 635 2049 Ο
644 2014 759 2060 porrigitur,
771 2013 865 2059 recipien-

71 2059 116 2094 dum
130 2062 173 2094 erat
183 2057 290 2093 Dresselio.
313 2056 361 2092 Veri
375 2061 440 2093 autem
451 2061 481 2093 est
494 2058 565 2102 simile,
581 2059 662 2095 formam
673 2062 789 2102 λιποτακτεῖ,
808 2071 865 2107 quam

70 2105 132 2140 codex
145 2103 160 2139 C
173 2103 265 2150 praebet,
280 2102 378 2149 propriam
393 2104 447 2138 illam
459 2103 586 2149 scriptoribus
601 2104 746 2150 ecclesiasticis,
761 2105 865 2152 antiquiori

70 2150 144 2185 formae
156 2161 199 2186 esse
211 2150 342 2188 substitutam.
356 2170 378 2175 -
388 2148 412 2185 V.
420 2149 442 2184 16
454 2148 525 2184 nollem
537 2153 621 2195 spretam
628 2151 728 2198 utriusque
737 2151 810 2186 codicis
819 2151 865 2186 scri-

69 2199 156 2241 pturam:
165 2194 293 2242 ἀπολαβόντες
301 2194 323 2231 τό
332 2194 458 2244 παράπτωμα.
482 2193 540 2230 Licet
552 2194 602 2230 enim
612 2197 716 2232 dictionem
727 2196 866 2244 ἀπολαμβάνειν

71 2240 92 2278 τό
101 2255 121 2277 π.
129 2241 263 2287 interpretari:
272 2241 362 2287 „peccati
371 2241 447 2286 culpam
457 2240 569 2276 redimere.“

116 2286 137 2322 P.
146 2286 187 2330 242,
197 2287 218 2321 13
227 2298 262 2332 pro
271 2287 334 2323 αὐτῶν
342 2286 475 2322 scribendum:
488 2286 552 2323 αὐτοῦ.
575 2287 716 2334 Intelligendus
726 2291 756 2323 est
765 2288 816 2323 enim
828 2287 838 2324 ὁ
847 2289 866 2324 ἓν

71 2332 118 2381 ὑμῖν
126 2334 237 2379 ε’νιλομυχῶν
246 2331 296 2379 άφις.

117 2378 138 2413 Ρ.
147 2377 187 2423 243,
196 2380 207 2412 3
216 2389 258 2425 sqq.
268 2378 316 2414 baec
325 2378 426 2435 leguntur:
438 2377 496 2415 ‘bn-or
507 2376 517 2414 ό
526 2379 558 2423 τῆς
569 2377 657 2425 ἀληθείας
665 2377 763 2429 προφήτης
771 2379 822 2416 πολὺ
833 2379 866 2416 τόν

70 2423 145 2472 κόσμον
154 2427 301 2481 πεπλανημένον
309 2426 364 2465 elder
372 2427 401 2459 καὶ
410 2425 434 2470 τῆ
444 2429 498 2470 κακίᾳ
508 2427 627 2473 συνθέμενον
636 2424 683 2461 roeo
694 2427 728 2462 οὐκ
740 2424 824 2472 ἠγάπησε
833 2425 867 2470 τὴν

71 2470 120 2517 πρὸς
132 2469 190 2507 αὐτὸν
204 2473 285 2516 εῗρηνην,
299 2469 323 2510 ῶς
334 2474 353 2505 ἐκ
364 2464 436 2516 πλάνης
455 2471 556 2506 συνοῦσαν.
571 2468 600 2507 ὅτι
613 2474 639 2511 εἰς
651 2474 704 2511 τέλος
715 2472 803 2518 ἐπιφέρει
819 2473 867 2508 πᾶσι1

72 2521 112 2556 τοῖς
120 2515 169 2564 πρὸς
176 2520 242 2553 κακίαν
249 2514 431 2564 ὁμοχνωμονοῶσιν,
441 2519 533 2565 παραθεὶς
541 2515 583 2552 ἀντὶ
591 2515 662 2562 πλάνης
672 2519 717 2552 cett.
740 2516 807 2554 Verba
816 2517 840 2558 ὡς
848 2518 867 2553 ἓν

71 2560 143 2606 πλάνης
152 2563 248 2598 συνοῦσαν
256 2561 276 2596 in
284 2562 354 2598 mendo
364 2561 444 2606 cubare,
454 2561 495 2607 jam
506 2572 541 2606 per
550 2572 571 2596 se
580 2561 701 2608 intelligitur.
724 2562 808 2598 Accedit
816 2562 868 2609 quod

71 2607 223 2654 Rceognitiones
235 2607 269 2651 Vl,
281 2606 293 2642 4
304 2607 408 2653 praebent:
421 2606 478 2651 „Non
491 2606 582 2642 continuo
597 2618 666 2653 pacem
678 2609 695 2644 ei
710 2613 744 2652 (sc.
756 2608 833 2647 mundot
848 2608 868 2642 in

72 2654 170 2689 erroribus
178 2652 242 2698 posito
252 2653 322 2689 deditf‘
339 2652 396 2688 Unde
406 2664 464 2699 quum
472 2656 573 2697 appareat,
582 2654 617 2688 illa
624 2654 684 2689 verba
692 2667 731 2690 uon
740 2665 783 2688 cum
793 2654 868 2702 εἰρήνην

73 2699 107 2732 sed
116 2710 158 2734 cum
170 2699 228 2735 αὐτὸν
240 2702 353 2734 constructa
364 2698 434 2742 fuisse,
446 2698 519 2733 nullam
528 2698 617 2745 equidem
628 2699 684 2735 video
697 2699 812 2734 medicinam
821 2699 867 2734 faci-

72 2742 148 2789 liorem,
164 2756 229 2792 quam:
244 2745 269 2785 ὠς
284 2748 321 2781 καὶ
337 2743 412 2789 πλάνη
429 2743 537 2780 συνόντα.
554 2765 575 2770 -
591 2745 615 2779 ln
627 2744 755 2791 sequentibus
768 2745 823 2780 deest
835 2745 868 2780 ob·

70 2789 144 2834 J'ectum
153 2790 206 2825 verbi
216 2792 308 2838 ἐπιφέρει,
318 2791 370 2837 quod
380 2789 396 2824 si
403 2783 515 2835 'significare
525 2789 625 2824 volebant:
638 2792 769 2836 „oppugnat,“
783 2791 868 2826 scribere

74 2834 180 2870 debebant:
197 2837 312 2884 ἐπιφέρεται.
336 2835 490 2880 Recoguitioncs
505 2835 607 2879 praebent:
626 2837 675 2879 „sed
690 2835 813 2882 ignorantiae
827 2837 868 2882 ejus

74 2879 134 2916 ruinis
144 2880 246 2915 scientiam
253 2880 340 2916 veritatis
349 2880 459 2926 opposuit.“
479 2878 530 2913 Hine
539 2879 641 2925 probabile
651 2885 685 2927 est,
694 2881 745 2918 inter
754 2882 868 2930 ὁμογνωμο-
