1827 3065
21 2835 23 2838 ’
74 2834 207 2879 11111111λῖ1-

360 102 464 136 1111111111
476 104 573 138 minan.
822 92 863 133 153

117 203 187 241 XLVIv
211 202 252 239 Nos
264 204 329 237 autem
342 202 365 237 de
378 200 455 238 Simone
466 215 521 239 mane
534 208 605 239 cuncta
616 214 660 237 curn
673 201 825 248 scripsissemus,
839 202 864 237 ad

73 250 221 293 ambulationem
239 247 368 283 convertimus
389 248 473 294 gradum.
500 249 526 284 Et
545 248 628 284 ocomrit
647 246 703 283 nobis
724 246 801 293 Appion
821 259 864 282 cum

73 299 152 346 triginta
163 293 215 330 viris,
239 291 269 328 Ac
282 292 339 327 simul
350 296 407 338 atque
416 304 446 328 me
454 294 512 339 vidit,
526 295 612 330 salutans
621 297 641 330 et
650 293 748 329 osculatus
757 293 785 328 ait
794 293 863 340 sociis:

73 346 109 383 Hic
122 345 151 378 est
164 339 262 382 Clemens,
276 338 299 373 de
311 350 348 384 quo
359 340 440 373 multum
452 340 477 375 ad
488 352 521 376 vos
534 351 640 376 sermonem
651 338 719 382 habui,
736 338 797 385 deque
809 338 863 373 illius

73 388 173 428 nobilitate
185 397 208 420 ac
215 384 300 420 moribus
309 384 431 429 liberalibus,
444 386 494 431 quod
501 388 530 422 vir
539 398 561 422 ex
571 397 642 433 genere
651 384 726 421 Tiberii
736 383 834 428 Caesaris,
844 388 864 419 et

73 439 92 473 in
106 432 156 470 omni
171 441 241 478 graeca
253 430 357 476 disciplina
371 431 495 475 exercitatus,
511 432 613 468 abarbaro
630 431 722 478 quodam,
736 430 770 476 qui
784 433 864 466 vocatur

73 484 149 521 Petrus,
161 476 229 511 11111111
241 477 349 522 compulsus
359 480 410 512 esset
419 477 444 512 ad
454 478 574 525 peragendos
586 490 608 514 ao
619 476 761 524 praedicandos
771 476 863 511 Christia-

73 537 136 564 norum
144 523 197 558 ritus.
223 521 284 564 Quare
295 534 351 568 rogo,
363 525 385 557 ut
395 534 425 558 me
437 522 457 557 in
469 523 502 559 illo
514 524 625 571 corrigendo
637 523 740 559 adinvetis.
764 522 790 557 Et
799 533 863 558 coram

73 571 125 609 vvobis
138 580 180 605 curn
193 567 296 614 interrogo.
319 568 444 614 Respondeat
454 568 510 613 mihi,
523 569 677 615 quandoquidem
687 567 758 616 pietati
770 568 863 604 colendae

74 630 93 654 sc
102 615 178 651 dedisse
190 613 302 657 arbitratur,
316 626 353 660 quo
364 614 421 649 modo
429 625 468 649 non
475 615 556 650 maxime
564 615 634 662 impius
643 615 674 659 sit,
685 615 717 661 qui
725 615 800 661 patrios
810 614 863 650 dere-

73 661 156 709 liquerit,
166 658 293 695 declinaverit
301 671 346 696 vero
355 659 380 695 ad
387 659 478 695 barbaros
487 671 553 695 mores,

116 704 196 741 XLViI.
220 704 246 740 Et
260 716 296 752 ego
307 704 407 752 respondi:
423 705 485 740 Tuam
500 706 577 752 quidem
587 706 608 741 in
622 717 652 741 me
663 706 782 751 praeclaram
795 706 862 741 volun-

73 757 130 790 tatem
146 750 208 786 habeo
229 753 338 797 acceptam;
358 754 378 786 at
397 750 539 798 ignorationem
558 752 641 787 amolior.
667 750 747 787 Scilicet
763 752 863 798 praeclara

73 798 148 847 quidem
160 796 251 832 voluntas
266 800 306 840 est,
322 797 373 843 quod
385 796 406 832 in
418 797 453 841 iis,
468 808 516 842 quae
527 797 564 833 tibi
575 797 626 833 bona
637 797 736 841 videntm·,
747 809 778 833 me
789 797 863 833 versari

74 844 134 890 cupis:
147 853 212 877 verum
224 842 310 889 cognitio
323 854 362 878 non
373 846 426 877 recte
439 854 459 878 se
470 842 544 878 babens
556 846 656 888 praetextu
667 842 765 878 amicitiae
774 843 863 878 insidiari

73 890 143 926 nititur.
167 887 224 922 Dixit
231 887 318 934 Appion:
332 888 382 924 Num
390 887 486 935 ignoratio
493 888 530 924 tibi
538 888 620 932 videtur,
628 888 701 935 patrios
709 889 758 923 ritus
768 889 862 924 servando

74 934 142 971 sentire
156 945 199 968 cum
211 931 305 969 Graecis?
317 934 343 968 Et
355 945 391 980 ego
402 933 502 980 respondi:
516 934 553 976 Qui
561 934 621 969 vitam
629 934 660 981 pie
672 945 730 981 agere
739 934 814 978 statuit,
823 946 863 969 non

74 979 147 1017 omnino
159 978 217 1014 debet
229 990 304 1014 servare
317 979 381 1026 patria
391 978 490 1023 instituta,
506 980 540 1015 sed
553 991 627 1015 servare
639 979 725 1025 quidem,
741 980 757 1014 si
769 981 802 1026 pia
816 980 861 1023 sint,

74 1026 155 1063 abiicere
162 1035 214 1067 vero,
223 1024 240 1059 si
249 1024 288 1059 sint
295 1024 358 1072 impia.
382 1023 424 1060 Usu
433 1025 484 1061 enim
492 1025 557 1061 venire
566 1026 622 1068 solet,
630 1029 652 1059 ut
661 1025 731 1071 aliquis
739 1029 794 1071 patre
803 1025 862 1071 impio

73 1074 127 1108 natus
135 1070 183 1105 velit
191 1069 256 1105 vivere
264 1071 302 1116 pie,
311 1070 371 1117 patris
379 1082 440 1106 mores
450 1071 504 1115 sequi
514 1071 588 1105 nolens.
612 1070 695 1115 Excepit
706 1069 792 1115 Appion:
810 1071 862 1112 Quid

74 1114 131 1163 ergo?
143 1119 217 1161 patrem
222 1119 274 1150 tuum
284 1115 312 1150 ais
319 1116 380 1151 malae
387 1115 439 1151 vitae
447 1114 559 1151 exstitisse?
571 1114 671 1161 Respondi
678 1127 723 1160 ego:
732 1115 776 1150 Non
785 1116 863 1161 quidem

74 1164 113 1198 erat
121 1161 181 1195 malae
189 1160 248 1205 vitae,
258 1160 293 1196 sed
299 1161 361 1196 malae
370 1159 471 1207 opinionis.
486 1159 512 1195 Et
520 1159 607 1206 Appion:
621 1160 674 1201 Quae
683 1160 736 1194 itlius
745 1159 804 1196 fuerit
812 1161 863 1196 mala

74 1206 178 1249 sententia,
192 1206 247 1252 cupio
260 1206 330 1242 audire.
354 1206 380 1240 Et
389 1217 425 1252 ego
438 1206 486 1240 dixi:
500 1205 556 1247 Quod
567 1205 622 1240 falsis
635 1216 658 1240 11
669 1205 733 1250 pravis
747 1203 863 1241 Graecorum

73 1250 142 1287 fabulis
155 1250 224 1286 habuit
235 1251 298 1287 fidem.
322 1250 386 1297 Atque
394 1252 473 1298 Appion
485 1251 597 1286 sciscitatus
610 1253 649 1286 est:
666 1252 764 1292 Quaenam
774 1255 818 1286 sunt
826 1251 863 1286 hae

74 1297 188 1333 Graecorum
199 1296 260 1332 falsae
272 1309 295 1332 ac
306 1308 376 1344 pravae
387 1295 478 1333 fabulae?
496 1296 605 1343 Respondi:
623 1295 668 1332 Non
678 1300 732 1332 recta
744 1295 767 1331 de
777 1297 814 1332 diis
823 1296 863 1343 opi-

73 1343 133 1386 nati03
143 1354 205 1388 quam,
215 1343 232 1377 si
240 1354 301 1389 aequo
310 1342 373 1378 animo
381 1342 427 1386 fers,
437 1354 480 1378 cum
489 1341 577 1378 discendi
586 1341 660 1388 cupidis
669 1342 741 1377 audies.

116 1387 208 1425 XLVIII.
233 1388 294 1431 Quare
306 1392 351 1424 ante
365 1388 521 1424 dissertationem
537 1388 576 1423 iam
591 1387 703 1423 secedamus
715 1387 735 1422 in
749 1387 863 1433 quietIorem

93 1434 96 1441 '
111 1446 154 1470 uem
166 1434 238 1478 locum,
253 1434 287 1470 ubi
298 1434 398 1470 vobiscum
411 1434 508 1469 disseram.
531 1434 558 1468 Et
569 1433 667 1481 progressi
679 1433 817 1477 consederimt‚
829 1433 863 1469 ubi

72 1492 117 1526 pina
126 1483 180 1516 erant
188 1480 295 1527 gelidorum
303 1480 384 1516 laticum
395 1479 468 1515 fluenta
479 1483 499 1515 et
510 1480 598 1515 arborum
608 1484 687 1526 tegmen
694 1479 761 1514 viride.
785 1479 816 1514 lbi
825 1491 861 1526 ego

73 1526 139 1561 lubens
149 1525 190 1561 sedi
200 1537 242 1561 oum
250 1526 285 1570 iis,
295 1528 314 1561 et
323 1537 366 1561 cum
375 1526 440 1562 oculos
449 1525 470 1560 in
477 1537 507 1561 me
515 1524 613 1570 fixissent,
623 1525 651 1560 ita
659 1524 684 1560 ad
693 1536 725 1561 eos
734 1525 788 1571 loqui
797 1527 862 1572 coepi:

116 1570 188 1606 XLIX.
212 1570 275 1607 Multa
284 1574 323 1615 est,
332 1583 343 1607 o
351 1571 397 1615 uiri,
407 1571 519 1606 differentia
526 1572 577 1606 inter
585 1570 687 1607 veritatem
695 1574 752 1616 atque
762 1575 863 1614 consuetu-

73 1617 140 1652 dinem.
163 1617 193 1651 Ex
202 1616 282 1653 Graecis
292 1618 342 1652 enim
350 1617 385 1653 alii
393 1618 463 1652 multos
473 1616 519 1652 deos
528 1617 588 1652 malos
600 1616 726 1662 omnibusque
734 1616 862 1662 perturbatio-

71 1662 126 1698 nibus
136 1662 227 1698 obnoxios
236 1663 361 1707 induxerunt,
371 1665 393 1697 ut
404 1663 437 1708 qui
446 1662 517 1697 similia
524 1665 600 1708 patrare
608 1661 675 1705 velint,
684 1673 708 1697 ne
716 1662 861 1707 pertimescant.

72 1707 111 1742 Alii
119 1720 164 1744 vero
173 1708 234 1744 fatum
243 1720 277 1744 seu
284 1707 370 1743 Genesin
378 1708 497 1751 invexerunt,
506 1710 582 1753 praeter
591 1718 646 1753 quam
655 1718 710 1742 nemo
718 1706 822 1753 quidquam
830 1707 862 1743 vel

72 1753 134 1789 facere
142 1754 174 1789 vel
181 1755 223 1800 pati
231 1757 301 1800 potest.
316 1753 434 1788 Existimans
443 1752 494 1788 enim
502 1752 578 1798 aliquis,
587 1752 683 1787 neminem
691 1755 767 1798 praeter
776 1752 863 1788 Genesin

72 1799 174 1845 quidquam
186 1799 217 1833 vel
225 1799 267 1845 pati
279 1798 310 1833 vel
318 1798 381 1833 facere
390 1809 457 1844 posse,
466 1797 525 1833 facile
534 1798 559 1833 ad
567 1797 686 1844 peccandum
695 1797 780 1842 aceedit,
790 1802 810 1834 et
818 1802 863 1844 post

72 1849 172 1890 peccatum
180 1856 219 1879 non
228 1844 304 1879 ducitm·
311 1843 433 1890 poenitentia
442 1843 500 1889 impie
510 1848 613 1890 gestorum.
636 1841 677 1877 Alii
684 1855 729 1879 vero
738 1843 863 1879 introducunt

77 1889 203 1925 >invidentiae
216 1893 313 1936 expertem
328 1900 402 1932 casum,
417 1900 440 1924 ac
456 1889 473 1923 si
487 1889 551 1924 omnia
566 1892 634 1934 sponte
648 1900 683 1924 sua
698 1889 862 1934 circumferantur,

72 1902 147 1971 iiomino
156 1935 209 1970 nullo
217 1935 346 1981 praesidente.
370 1934 425 1970 Haec
434 1938 498 1970 autem
507 1935 535 1970 ita
546 1945 634 1978 censere,
645 1937 667 1968 111
676 1934 768 1978 diximus,
780 1935 864 1971 omnium

73 1980 209 2015 sententiarum
224 1984 254 2016 est
268 1980 437 2027 perniciosissima.
462 1980 562 2026 Tanquam
577 1980 628 2015 enim
639 1979 704 2015 nullus
716 1980 742 2014 sit
753 1992 831 2026 praeses
840 1993 863 2016 ao

71 2025 156 2070 provisor
164 2026 284 2072 singulisque
293 2037 327 2071 pro
336 2025 404 2060 merito
413 2025 535 2070 distributor,
548 2037 604 2061 omne
613 2025 663 2071 quod
671 2024 714 2061 fieri
721 2029 795 2071 potest,
804 2026 863 2062 facile

73 2070 95 2105 ob
104 2075 166 2107 metus
175 2072 294 2107 vacuitatem
301 2074 419 2117 perpetrant.
443 2071 505 2112 Quare
513 2071 546 2106 vix
554 2070 587 2116 qui
595 2071 634 2105 ista
642 2070 753 2116 opinantur,
762 2070 863 2107 honestam

73 2115 144 2152 ducunt
152 2116 222 2151 vitam:
236 2117 281 2163 quia
288 2116 380 2162 ingruens
388 2116 495 2162 periculum
502 2128 541 2152 non
549 2115 667 2162 praevident.

116 2161 137 2196 L.
162 2161 190 2196 At
201 2174 246 2198 vero
258 2162 345 2197 doctrina
354 2173 428 2205 eorum,
441 2173 488 2207 quos
500 2162 589 2197 barbaros
597 2160 682 2204 vocatis,
694 2160 777 2197 maxime
786 2165 816 2197 est
823 2161 863 2208 pia,

73 2217 120 2251 quae
126 2219 185 2242 unum
191 2206 255 2243 Deum
264 2211 284 2243 et
292 2205 381 2252 opificem
389 2207 449 2242 totius
458 2206 514 2242 huius
523 2205 589 2241 mundi
595 2205 676 2249 inducit,
685 2209 753 2241 natura
760 2206 832 2242 bonum
840 2219 863 2243 ac

73 2250 152 2287 iustum:
161 2253 233 2288 bonum
241 2252 324 2299 quidem,
333 2256 354 2286 ut
363 2251 396 2297 qui
403 2251 548 2298 poenitentibus
556 2251 632 2286 veniam
641 2250 756 2287 delictorum
762 2253 863 2297 concedat,

108 2380 147 2425 Cup.
162 2380 226 2413 XLVI.
250 2376 268 2424 1)
284 2380 315 2413 καὶ
328 2379 393 2422 Πέτρῳ
410 2379 453 2413 1111-
483 2374 565 2422 1144)
574 2379 605 2411 καὶ
613 2389 645 2411 0111.
654 2379 676 2412 V.
684 2369 711 2402 -’
720 2376 738 2423 5)
748 2378 835 2414 ἐπίστευε
843 2382 863 2413 0.

74 2426 184 2471 πέμψαντες
204 2426 255 2459 inser.
276 2426 326 2458 Hom.
348 2425 380 2465 tv,
399 2423 415 2458 6.
431 2443 454 2448 —
482 2420 629 2467 -6)1111ι.0.

74 2467 168 2511 2111110.
181 2466 453 2517 -3)ἡ,11ῖ1»1’,-4)1εο111.
518 2469 648 2513 dapmnum.
672 2466 691 2514 1)
700 2467 815 2515 ἐκαθεζόμην
822 2469 862 2516 μετ’

75 2515 93 2554 ,0-
102 2535 124 2540 -
137 2516 155 2563 5)
164 2514 215 2564 adop
225 2516 310 2563 ἑλληνικῇ
318 2515 394 2561 παιδείᾳ
403 2517 422 2549 Ο.
432 2535 453 2539 -
483 2513 545 2549 αὐτῶν
554 2515 594 2548 ordo
602 2526 648 2549 voco.
657 2515 675 2547 in
684 2517 733 2550 0,-
741 2512 759 2560 2)
768 2515 863 2556 ἀτενίζον-

73 2560 91 2603 11)
101 2563 129 2596 Ita
141 2568 157 2597 et
165 2564 218 2608 Epit,
228 2561 326 2598 ’1111111111
338 2563 388 2595 Hom.
397 2562 428 2602 IV,
437 2561 453 2595 7.
483 2572 512 2599 τες
521 2561 540 2593 0.

73 2605 452 2653 -1)1ιύτώ1111111111111111111111ῃῖ.
518 2606 630 2649 CapXLIX.
654 2602 672 2650 1)
686 2603 754 2645 κακοὺς
764 2618 796 2640 om.
810 2609 865 2642 Ο.-

102 2654 142 2699 Cap.
150 2655 222 2689 xnvn.
236 2652 254 2700 1)
264 2656 314 2689 Voce.
324 2650 453 2698 111111ὲά11111-
482 2649 501 2697 2)
510 2647 634 2695 εἰσηγήσαντο
644 2652 663 2685 Ο.
675 2669 698 2675 —
712 2649 731 2697 3)
741 2650 865 2699 εῖσηγάγοντο

75 2700 116 2733 otia
127 2699 242 2744 ἀποσείσμιιι
253 2711 288 2733 non
297 2703 354 2734 extant
365 2700 383 2732 in
397 2699 419 2733 V.
431 2718 454 2723 —
484 2698 503 2731 0.
511 2716 534 2721 -
545 2693 564 2742 4)
574 2697 604 2730 Six
612 2708 632 2730 ex
640 2697 693 2741 Epir„
704 2710 721 2732 τι
731 2699 762 2732 OV
771 2711 809 2732 cum
817 2703 864 2732 utro-

73 2739 90 2783 2)
100 2744 213 2792 αἱρούμενον
222 2747 246 2787 Ο;
261 2747 332 2779 subinde
344 2745 375 2779 dei
382 2741 454 2783 mirica
483 2754 514 2786 que
522 2744 573 2777 Hom.
583 2743 622 2776 eod.
634 2762 658 2766 -
668 2740 687 2788 ὃ)
700 2742 763 2783 οὐδεὶς
771 2757 803 2780 om.
813 2746 832 2779 Ο.
842 2764 864 2768 -

73 2799 88 2830 p.
101 2788 123 2823 οὐ
136 2789 212 2830 πάντως
240 2789 328 2826 1111111111
340 2790 371 2825 dei
381 2789 403 2824 τὰ
416 2787 453 2824 πάῚ
482 2787 501 2835 6)
510 2785 589 2824 ἑκάστου
598 2790 619 2822 V.

214 2804 312 2883 3)1ῆς111.
320 2839 340 2879 0,
348 2840 426 2870 neutrum
434 2837 453 2869 in
517 2836 557 2879 Gap.
563 2835 583 2867 L.
593 2830 610 2879 1)
615 2833 864 2880 ἓστιΟ.-2)κειὶ1111111110.
