1827 3065
72 161 115 204 282
277 177 297 208 r.
306 173 441 208 tricenteni
451 173 579 205 lnuornrr.
589 173 660 206 οντων.

74 274 127 325 ὅμως
138 278 174 311 καλ.
199 274 298 320 Scriptura
307 271 380 308 codicis
390 270 415 307 O:
424 271 434 307 ὁ
446 273 482 321 μὲν
493 271 541 306 nihil
550 270 603 307 eliud
611 271 688 307 videtur
697 271 733 306 sibi
742 270 791 306 velle
800 283 864 318 quem:

74 325 103 357 ὡν
111 323 152 369 μὲν.
161 342 183 346 -
191 320 235 356 Vc
246 320 316 354 vellem
327 317 439 354 Dresselius
451 329 474 353 ex
486 317 527 352 cod.
540 317 556 352 Ο
570 318 685 363 recepisset:
701 318 831 365 ιλιηλέγξαμεν,
847 325 865 356 et

74 367 178 402 secundum
187 366 238 400 hune
247 364 328 399 eundem
340 364 411 399 librum
419 363 558 398 transmisisset
567 362 599 406 τὸ,
614 363 667 409 quod
675 367 704 397 est
713 367 757 398 ante
766 365 863 408 τοσοῦτον,

74 424 137 459 neque
149 412 198 447 eninr
213 410 321 445 audiendus
334 413 373 455 est,
389 421 448 456 quum
460 409 500 456 legi
508 420 565 453 posse
574 409 681 443 existimat:
696 411 791 445 τοσοῦτον
801 410 865 458 μωρὸν

75 457 187 504 ἐπεκράτησε
198 455 219 491 τὸ
231 456 299 496 πάθος,
313 476 336 481 -
346 454 370 491 V.
383 456 405 490 lu
417 456 489 491 nollem
501 454 612 490 Dresselius
627 455 728 489 verborum
742 454 865 500 perpetuitati

75 503 172 538 intulisset
183 501 244 547 ipsius
259 502 397 547 conjecturam:
414 504 533 550 ποιουμένου
541 529 545 543 ,
553 503 653 546 probatem
665 500 742 546 quidem
752 500 809 534 etiam
817 499 866 536 Uhl.

75 548 141 583 hornio
152 548 163 581 1.
172 558 188 582 e.
197 558 215 591 p.
224 547 263 589 171,
278 548 322 581 adn.
335 546 363 592 26,
379 546 445 593 quiin
458 558 480 583 eo
493 550 553 589 erret,
570 547 622 593 quod
634 545 683 580 illud
695 547 715 580 in
724 546 790 580 codiee
800 545 815 581 Ο
825 557 866 583 esse

75 593 177 629 existimat.
189 592 329 638 Reponendum
337 591 408 637 potius,
418 593 470 639 quod
479 593 520 639 jain
529 604 540 627 a
548 592 629 626 Davisio
639 592 793 626 commendatum
802 591 866 628 video:

74 640 181 682 ποιητοῦ,
191 639 251 684 „ejus,
260 638 313 684 quod
321 637 393 673 fectum
403 642 450 672 est‘.

119 683 291 726 Petuemanm:
322 685 366 730 ηιλὲν
380 685 425 720 τῶν
439 682 469 719 ὑπ’
485 683 544 720 αὐτοῦ
555 681 666 730 γεγονότων.
680 704 700 708 -
716 681 865 718 V.tcodieis0

74 728 178 775 scriptura:
187 728 248 773 αὐτὸς,
258 699 320 764 handu
325 741 407 775 nequam
416 728 546 775 praeferenda
555 732 596 763 erat
609 728 681 763 codicis
691 726 803 763 Cleetioni:
817 728 866 769 θεὸς.

74 774 128 810 Haec
136 774 232 809 vocabule
241 774 298 809 etiam
308 741 350 810 aliis
359 774 487 810 Homilinrunr
494 774 542 809 locis
551 774 602 809 inter
611 784 632 808 se
640 777 750 819 permutata
759 773 824 809 videre
833 779 866 810 est.

73 820 147 855 Dubito
157 824 221 855 autem
229 819 363 864 vehementer,
372 832 417 855 num
425 819 481 860 αὐτὸς
490 819 595 855 defendere
604 820 663 854 liceat
672 831 704 864 eo,
716 819 767 865 quod
775 819 824 854 haec
832 830 867 854 vor

74 865 195 910 „dominun1“
208 863 306 911 significat
318 878 361 901 cum
376 866 428 911 apud
442 866 490 900 alios
503 864 615 910 scriptores,
631 876 668 910 quo
682 865 705 899 de
715 865 749 899 cfr.
759 863 867 900 casaubon.

74 911 118 945 adn.
131 911 156 946 ad
167 910 265 956 Theoplrr.
278 910 334 946 Char.
346 911 390 945 Etlr.
403 909 423 945 G.
436 909 461 952 II,
473 910 552 955 interpr.
568 910 593 944 ad
607 909 706 945 Theocrit,
718 910 747 945 Id.
759 909 831 955 XXIV,
840 910 867 955 50,

74 955 207 991 Hemsterhus.
216 956 241 991 ad
249 956 347 1002 Aristoph.
357 956 406 991 Plut.
416 955 458 999 959,
468 960 517 1000 turn,
526 955 563 989 nisi
573 955 640 1000 fnllor,
654 955 673 989 in
683 955 810 991 Homiliarum
818 955 867 999 loco,

75 1002 109 1046 qui
118 1005 147 1037 est
155 1014 172 1048 p.
181 1002 221 1045 108,
230 1002 253 1037 14
261 1014 297 1049 sq.:
310 1002 320 1037 ὁ
329 1000 411 1049 πονηρός
420 1003 458 1038 ἐστι
469 1001 479 1036 ὁ
488 1000 588 1046 πειράζων,
602 1001 611 1036 ὁ
620 1005 650 1036 καὶ
658 1001 716 1038 αὐτὸν
724 1000 821 1048 πειράσας,
834 1000 867 1036 ubi

76 1048 164 1084 Christus
174 1052 204 1082 est
211 1048 356 1094 intelligendus.
365 1068 387 1072 -
398 1046 453 1089 Quae
462 1050 568 1094 sequuntur
576 1046 636 1081 verba
644 1047 669 1081 ed
677 1046 791 1082 sententiam
801 1048 867 1092 inepta

75 1093 140 1129 sanari
150 1097 233 1138 possunt
242 1093 283 1128 sola
295 1094 444 1139 interpungendi
456 1095 530 1128 ratione
542 1096 614 1126 mutata
625 1091 645 1126 in
657 1091 709 1127 hunc
721 1092 805 1127 modum:
819 1095 835 1128 εἴ
848 1094 867 1129 dl

76 1139 85 1175 ὁ
99 1141 135 1179 πᾶς
148 1137 219 1188 κόσμος
230 1141 287 1174 τοῦτο
300 1139 346 1175 εἶναι
359 1137 380 1174 οὐ
390 1137 508 1181 δύναται-η
521 1137 576 1183 πόσῳ
588 1151 610 1184 γε
620 1140 693 1185 μᾶλλον
702 1138 724 1174 τὰ
735 1137 793 1197 μόρια
801 1137 868 1182 αὐτοῦς
889 1150 891 1155 ·

76 1184 110 1220 οὐκ
118 1183 141 1220 ἂν
150 1183 230 1230 εὐλόγως
237 1188 312 1229 κληθείη
321 1183 370 1224 θεός.
385 1184 463 1219 Itanon
471 1196 529 1229 opus,
544 1183 624 1229 εὐλόγως
638 1187 711 1218 [nutare
721 1183 749 1218 in:
762 1182 838 1230 υλόγως.
848 1203 869 1208 -

75 1230 135 1265 Porro
144 1241 161 1264 v.
170 1229 180 1263 9
190 1241 231 1276 sqq.
240 1230 370 1265 scribendum:
381 1228 438 1276 αόρια
446 1231 467 1265 dt
475 1232 522 1275 λέγω
532 1228 576 1269 τοὺς
586 1228 616 1276 ὑφ’
627 1228 680 1275 ὑμῶν
687 1232 801 1277 λεγομένους
806 1227 868 1273 θεούς,

76 1277 96 1312 ἔκ
106 1276 181 1321 χρυσοῦ
193 1296 215 1301 -
229 1279 259 1310 καὶ
271 1277 290 1315 ἐξ
303 1274 357 1319 ἔλλλης
373 1263 414 1320 ἱλλης
430 1276 546 1319 ἡστινοσοῦν
563 1273 694 1321 γεγονότας,
712 1278 743 1311 καὶ
757 1277 814 1311 ταῦτα
829 1274 866 1309 ὑπὸ

76 1322 147 1366 θνητῆς
167 1320 233 1369 χειρὸς
257 1322 509 1370 ιλειλημτουργημένους,
535 1319 589 1354 nullo
611 1320 661 1354 enim
680 1326 738 1365 paeto
754 1320 864 1355 tolerandae

75 1366 176 1411 utriusque
190 1367 263 1401 codicis
278 1366 393 1411 scripturae:
408 1364 501 1413 γεγονότα
515 1370 534 1400 et
548 1367 728 1414 δεδημιουργημένα.
743 1387 765 1391 -
780 1366 869 1411 Denique

76 1412 166 1446 mendum
175 1416 205 1446 est
216 1411 235 1445 in
245 1411 308 1446 verbis
317 1423 334 1446 v,
343 1411 365 1445 12
374 1423 401 1457 sq.
415 1410 484 1457 positis
499 1411 561 1445 hisee:
574 1415 604 1446 οἱα
617 1411 639 1446 δι’
654 1410 763 1457 ἀνθρώπιον
775 1410 870 1456 στόματος

77 1456 159 1497 ederedo
168 1456 212 1504 ’σ’φις
221 1456 330 1505 (μαρμάσσει
342 1461 382 1498 τοῖς
395 1459 493 1503 ἓττειγμοῖς
504 1455 548 1496 τοὺς
556 1459 715 1504 ἐξαπατωμένους.
741 1457 790 1492 Nam
805 1458 869 1502 ἐπειγ-

76 1508 126 1550 μοῑς,
135 1503 187 1548 quod
197 1502 305 1537 Dresselins
315 1502 399 1538 ecodioe
408 1502 423 1537 Ο
433 1503 524 1548 reposuit,
533 1514 572 1536 non
581 1501 642 1547 magis
653 1513 745 1548 graecum
754 1502 870 1538 vocabulum

77 1553 107 1583 est
114 1559 170 1595 (luein
178 1549 283 1596 ὑττειγμοῐς,
295 1547 368 1582 codicis
377 1551 389 1583 0
399 1547 500 1593 scriptura,
510 1554 534 1592 et,
544 1546 561 1581 si
569 1552 627 1592 esset,
635 1551 702 1593 utpote
712 1548 818 1583 cohaerens
828 1559 869 1582 curn

76 1593 135 1628 verbo
149 1595 225 1640 ἐτιείγω,
241 1604 280 1627 non
295 1593 342 1627 satis
356 1595 461 1646 quadraret
476 1594 501 1627 ad
516 1593 637 1628 sententiam.
662 1594 776 1628 'l‘entererit
790 1593 869 1640 aliquis:
894 1609 896 1612 ·

78 1641 201 1687 ἔπησμοῖς,
217 1638 395 1683 „irrcentamentrs“.
419 1639 446 1673 At
461 1638 550 1684 equidem
564 1650 603 1674 non
622 1638 700 1683 dubito,
716 1638 762 1684 quin
778 1639 870 1683 scripturn

76 1684 144 1719 fuerit:
154 1686 302 1732 ἐμιταιγμοῖς,
311 1683 465 1729 „illusionibus“,
476 1686 499 1719 de
507 1695 545 1732 qun
553 1683 631 1719 serioris
640 1685 683 1719 aevi
689 1695 737 1719 voce
745 1684 778 1719 cfr.
784 1684 870 1720 Lobeck.

77 1731 102 1764 ad
111 1729 216 1774 Phrynich.
224 1741 242 1775 p.
252 1729 290 1764 241.

121 1774 143 1810 P.
151 1776 190 1818 226,
199 1775 279 1821 4recipi
290 1778 367 1821 poterat
379 1774 451 1810 codicis
461 1774 476 1810 0
487 1775 582 1821 scripture
594 1775 662 1815 αὐτοῖς.
678 1796 700 1800 -
716 1775 739 1811 V.
751 1775 762 1811 5
773 1786 807 1821 pro
819 1776 871 1811 ἐστίν

77 1824 97 1855 et
104 1822 156 1857 turre
165 1832 201 1856 scr.
210 1821 259 1857 ἔστι
265 1834 281 1857 ν.
289 1842 312 1846 -
321 1819 344 1855 V.
352 1820 363 1855 9
372 1831 399 1866 σα,
408 1832 442 1867 pro
450 1824 481 1856 καὶ
489 1825 571 1857 αἰωνίων
579 1820 662 1866 τἰοχαίων
671 1819 742 1869 τάφους
747 1826 871 1868 προσκυνεῖτε

78 1866 200 1901 scribendum
210 1870 260 1901 erat:
273 1871 296 1902 τί
305 1866 436 1914 ἀνθρώπων
444 1866 460 1902 ιλ.
470 1882 485 1903 τ,
495 1881 515 1903 ττ.
539 1854 661 1902 Vocabulum
671 1871 752 1903 αἰωνίων
765 1871 785 1902 in
796 1865 870 1915 ἀνθρώ-

77 1925 121 1947 πων
129 1911 241 1946 mutandum
250 1923 302 1955 esse,
316 1922 374 1956 quun]
385 1914 446 1958 primo
457 1912 527 1947 obtutu
537 1912 685 1956 intellexissem,
699 1917 768 1958 postea
782 1912 821 1947 vidi
831 1915 871 1959 Jam

79 1956 295 1992 Coteleriumsensisse.
320 1957 400 1992 Scilicet
408 1962 468 1992 ortum
477 1957 567 1993 mendum
579 1961 617 2003 est,
631 1962 654 1992 ut·
668 1959 725 1993 etiam
738 1958 871 2004 Schweglerus

78 2001 182 2047 adnotavit,
192 2014 215 2037 ex
224 2002 336 2048 compendio
345 2010 397 2045 W,
406 2002 429 2037 de
439 2014 476 2048 quo
486 2004 524 2049 jem
535 2015 591 2049 supra
603 2003 623 2037 in
635 2004 679 2039 adn,
689 2005 714 2039 ad
723 2017 741 2051 p.
752 2005 791 2044 211,
800 2005 822 2039 15
830 2016 871 2051 sqq.

77 2049 150 2083 dictum
165 2053 199 2083 est.
223 2048 385 2083 Emendationern
397 2048 465 2083 eximie
478 2048 564 2083 suffulcit
576 2050 639 2095 locus,
654 2049 687 2095 qui
701 2056 730 2085 est
741 2063 759 2097 p.
771 2050 811 2095 218,
823 2051 839 2085 2.
850 2070 872 2075 -

76 2093 100 2130 V.
110 2094 131 2128 17
140 2106 168 2140 sq.
178 2105 213 2128 scr.
223 2099 243 2130 τί
256 2095 287 2135 τλά·
301 2093 323 2129 οὗ
333 2093 405 2144 [μόρους
414 2097 464 2137 cett,
474 2097 501 2128 et:
514 2098 533 2129 τί
540 2095 572 2135 ste
584 2095 606 2129 οὐ
615 2095 704 2136 πολλάκις
713 2101 758 2131 cett.

125 2139 146 2175 P.
154 2140 194 2185 227,
204 2139 226 2174 18
232 2139 361 2185 praeferenda
370 2142 411 2175 eret
420 2138 492 2174 codicis
502 2138 516 2174 G
528 2140 632 2185 scriptura:
647 2140 706 2186 ὑμῶν.
718 2162 741 2167 -
753 2142 783 2177 De
792 2153 871 2188 sequen-

79 2185 131 2221 tibus
140 2186 175 2219 cfr.
184 2196 234 2231 quae
244 2196 301 2231 snpra
310 2184 361 2232 adp.
370 2185 409 2229 210,
418 2184 626 2231 4sqq.-adnotavinrns.
638 2185 744 2222 Praeterea
750 2188 871 2230 monendum,

78 2231 147 2265 verbe:
161 2235 181 2266 τί
189 2232 268 2267 ποιοῦσι.
277 2232 374 2273 τοιοῦτον,
385 2229 455 2267 ὁποῖόν
463 2245 481 2266 τι
490 2230 560 2265 vitiose
569 2242 616 2266 esse.
634 2230 714 2278 Corrige
723 2233 789 2268 sodes:
803 2233 873 2269 ὁιτοῐον

78 2291 122 2312 καλ.

124 2321 145 2356 Ρ.
155 2322 194 2365 228,
203 2321 214 2355 3
223 2333 251 2367 sq.
261 2333 311 2367 quoe
321 2334 331 2357 e
341 2322 408 2357 codice
417 2321 433 2357 Ο
442 2321 615 2370 transcriptesunt
623 2324 689 2358 verba:
701 2322 713 2369 ἢ
722 2324 807 2371 καρποὺς
814 2327 872 2372 παρέ-

75 2381 146 2414 χοντας
154 2366 199 2407 τοὺς
207 2366 275 2408 αὐτοὺς
283 2370 306 2414 τη
317 2370 342 2417 γῇ
354 2373 394 2409 τοῖς
402 2366 471 2408 πόνοις
480 2367 541 2416 ὑμῶν,
552 2373 580 2409 οἱς
588 2372 655 2409 θυσίας
666 2376 772 2417 γοηηγεῐτε,
786 2369 872 2416 quamvis

78 2416 146 2458 aperte
157 2414 182 2448 ad
191 2414 220 2458 id,
233 2414 285 2460 quod
293 2409 359 2449 iterum
372 2417 410 2458 est,
422 2414 503 2459 propius
516 2415 612 2449 accedent
620 2408 678 2461 quani
686 2427 718 2460 ee,
727 2427 778 2463 quae
787 2417 848 2451 codex
858 2414 872 2450 C

78 2458 165 2503 exhibet,
178 2470 218 2494 non
227 2463 272 2493 sunt
280 2463 344 2495 temen
353 2471 432 2505 prorsus
441 2470 493 2494 sena.
517 2458 583 2495 Verba
597 2459 642 2501 τοὺς
652 2460 720 2502 αὐτοὺς
732 2463 755 2507 τῆ
766 2462 790 2508 γῆ
804 2462 874 2507 probet

78 2504 155 2550 aliquis,
164 2505 307 2553 interpretansr
314 2504 359 2546 τοὺς
367 2504 442 2547 αὐτοὺς,
457 2503 489 2545 οὓς
497 2504 508 2549 ἡ
516 2507 544 2553 γη.
563 2506 602 2541 Sed
616 2507 718 2553 sequentia
730 2501 758 2542 sic
770 2501 873 2543 scribenda

78 2551 177 2585 videntur:
185 2571 208 2576 —
217 2551 239 2599 τῇ
246 2552 275 2600 γῇ,
289 2555 317 2591 οἱς
328 2557 369 2592 τοῖς
380 2550 448 2590 πόνοις
461 2549 514 2597 ὑμῶν
528 2551 566 2597 (rel
578 2545 656 2588 melitis:
673 2552 731 2603 ὑμεῖς,
748 2554 800 2600 quod
812 2553 873 2589 estin

79 2596 147 2631 codice
157 2595 179 2642 Ο)
187 2602 256 2637 θυσίας
261 2602 370 2645 puppem,-
379 2599 397 2637 h.
406 2608 422 2632 e.
432 2597 515 2646 ,quibus
525 2608 561 2643 ope
570 2597 675 2642 fructuum,
685 2611 733 2646 quos
743 2600 809 2635 labore
818 2600 873 2636 vobis

79 2642 216 2687 comparastis,
228 2655 262 2678 vos
272 2654 328 2678 sacra
340 2642 430 2678 fceitis“?
449 2641 489 2678 cfr.
505 2644 568 2687 verba,
583 2655 633 2691 quac
644 2644 737 2691 leguntur
748 2657 766 2691 p.
778 2644 874 2689 2281.-

79 2687 183 2723 Praeterea
191 2689 258 2724 nescio
267 2700 291 2723 an
300 2692 395 2734 praestet,
405 2688 563 2735 interrogationis
574 2690 659 2736 signum,
674 2691 726 2737 quod
737 2694 767 2726 est
778 2695 823 2736 post
831 2693 873 2727 ἕτοι-

80 2732 178 2778 λιλβωνται,
188 2734 208 2769 in
217 2746 299 2779 comma,
312 2735 365 2780 quod
374 2738 453 2780 vocent,
465 2738 540 2770 mutare
552 2737 615 2775 (modo
629 2736 785 2782 interrogationis
798 2737 873 2783 signum

79 2781 163 2858 ppnetnr
174 2783 219 2826 post
231 2784 344 2828 χορηγεῖτελ,
357 2784 379 2815 ut
394 2780 499 2823 indicetur,
517 2781 542 2815 acl
555 2792 639 2829 sequens
652 2780 662 2826 ἢ
677 2783 807 2828 supplendum
822 2793 873 2819 esse:

80 2838 88 2860 ε
105 2838 118 2859 α
133 2851 136 2858 .

104 2860 106 2870 ⁴
120 2838 146 2904 ηΡ.
156 2869 196 2913 229,
205 2871 227 2904 11)
236 2870 370 2905 scribendum:
379 2869 426 2918 ὁμῶ
432 2885 444 2910 ς.
